4628 5588
184 117 248 205 ffil
445 126 456 138 ‘
818 116 861 184 V.
883 116 1152 187 exrbrcartu
1178 119 1380 189 statuum
1404 122 1566 207 NlOfiiilr
2134 129 2208 220 m

186 310 258 393 siau
287 309 331 375 sit
357 309 520 395 gratuita„
544 309 725 381 ostendum
742 308 837 381 haec
861 307 1179 395 dictaltlsaiamtbr
1218 308 1306 399 grta:
1320 333 1452 400 semper
1475 315 1620 397 tenenda
1641 328 1715 398 ast,
1746 316 1910 387 cumulari
1936 318 2100 387 beneficia
2122 318 2207 397 baec

184 396 329 480 Propter
360 416 481 464 rrumen
513 415 622 463 meum
649 393 752 483 leuge
779 394 900 467 facum
927 393 1075 471 furorem
1096 397 1168 473 irae
1218 401 1381 463 immonsa
1402 398 1467 464 Dei
1489 401 1657 481 bonitate,
1691 412 1758 467 nun
1781 418 1920 490 propter
1941 428 2080 491 operum
2102 409 2208 514 digni·

184 502 291 563 meae,
325 495 463 571 propser
484 502 539 555 ere
557 480 694 564 factam,
726 495 764 551 ut
784 503 851 549 nun
871 480 1105 571 blasphemer,
1134 486 1168 563 id
1219 497 1332 562 tatem,
1355 487 1442 551 sicut
1464 489 1561 552 iacob
1585 488 1703 576 inquit:
1727 489 1838 554 hlinor
1860 513 1934 558 sum
1958 496 2088 558 cunctis
2110 516 2207 561 nuse-

185 583 257 648 εει,
290 582 470 655 propterea
501 581 538 641 ut
564 571 608 642 ait
636 567 748 656 aliqua
763 589 845 656 pars
866 579 999 656 generis
1023 570 1168 655 hmuani,
1219 573 1404 641 rationibus
1427 575 1504 645 tuis.
1548 573 1643 649 Haeo
1663 574 1836 645 confessio
1859 577 1958 647 simul
1979 583 2013 646 in
2035 580 2089 648 bis
2111 601 2207 648 exer·

184 658 220 725 ln
240 677 308 742 qua
331 655 425 725 Deus
446 668 538 723 recte
560 669 779 742 agnoscatur,
812 667 846 723 et
869 670 960 725 recte
982 659 1167 741 invocetur,
1220 659 1307 733 uitiis
1330 657 1451 729 luceat

184 765 253 810 nun
275 745 382 813 smero
399 738 547 813 funditus
569 744 704 813 interire
725 739 924 813 Ecclesiam.
968 742 1091 813 Psahn.
1113 744 1167 812 88.
2115 814 2118 819 ,

184 829 340 897 visitabo
362 831 396 897 in
418 832 514 916 virga
535 831 725 916 iniquitates
746 850 873 909 eurum,
906 832 1168 901 miscricordiam
1307 829 1594 905 Considerandum
1626 845 1660 903 et
1690 833 1757 903 huc
1792 849 1862 917 est,
1899 841 2140 924 promissiones
2172 844 2206 909 ip

184 937 269 998 veru
289 938 397 991 meam
418 938 487 987 auu
509 918 674 999 amovebo
695 918 738 987 ab
761 919 821 988 uis.
865 916 958 991 Haec
988 933 1020 984 et
1048 917 1169 989 similia
1218 915 1329 989 btotse
1362 919 1406 991 de
1437 916 1552 1004 politia
1574 917 1755 1003 israelitica
1786 924 1820 995 in
1852 927 1965 1008 specie
1997 926 2102 1013 loqui.
2149 926 2206 1005 mo

184 1003 275 1075 dicta
306 1005 374 1071 sint
405 1004 439 1073 in
473 1014 668 1089 conspectu,
692 1014 725 1070 et
747 1004 833 1077 inter
854 1015 966 1078 tantos
990 1005 1112 1079 iluctus
1134 1017 1169 1077 et
1243 1017 1297 1075 ost
1319 1006 1578 1079 destructionem
1599 1005 1734 1095 politiae
1755 1008 1959 1079 tsraehueao
1980 1035 2048 1081 non
2072 1025 2124 1081 est
2139 1035 2206 1091 una

185 1085 403 1165 confusiones
433 1091 567 1177 generis
597 1088 730 1167 humani
764 1086 982 1163 cumulentur
1012 1112 1093 1172 uos,
1132 1104 1169 1163 ut
1219 1027 1394 1169 heclesiae
1426 1094 1587 1173 sedesiu
1631 1093 1724 1165 alitia
1746 1109 1856 1177 certa,
1888 1100 1949 1164 sed
1972 1102 2100 1185 passim
2120 1092 2207 1181 inter

186 1189 278 1247 corto
311 1189 516 1259 stabamus,
548 1198 738 1247 mansuram
771 1197 850 1243 esse
882 1175 1069 1249 Ecclesiam
1091 1177 1167 1260 Dei,
1219 1191 1338 1264 gentes
1371 1177 1527 1251 Ecclesia
1561 1118 1640 1249 culli
1665 1183 1742 1250 itur.
1808 1183 1921 1257 Quare
1952 1188 2206 1271 promissiones,

184 1265 330 1350 gratuita
362 1264 592 1333 misericordia
623 1262 690 1331 Dei
722 1276 859 1351 propter
891 1263 1020 1335 Filium.
1065 1266 1169 1337 Dabit
1220 1286 1306 1351 quae
1334 1267 1376 1333 de
1405 1265 1557 1352 hospitiis
1580 1279 1612 1335 et
1633 1204 1708 1335 aliis
1731 1270 1827 1353 bunis
1851 1275 1982 1358 corpori
2004 1275 2206 1343 necessariis

183 1353 284 1437 igitur
305 1352 336 1418 ei
359 1347 469 1436 aliqua
490 1348 644 1436 hospitia.
688 1349 783 1418 Sicut
806 1365 841 1418 et
861 1350 984 1419 Esaiae
1006 1351 1059 1419 30.
1082 1352 1168 1421 haec
1218 1353 1252 1417 in
1263 1350 1449 1440 Evangelio
1460 1351 1653 1439 loquuntur,
1670 1357 1762 1423 iuxta
1783 1356 1925 1425 dictum:
1949 1360 2093 1427 Primum
2106 1364 2205 1465 quae-

185 1439 447 1524 curriungunturz
480 1435 583 1505 Dabit
604 1439 702 1505 vobis
719 1435 883 1507 Dominus
903 1438 1100 1520 Ductorem,
1133 1453 1167 1507 et
1217 1438 1280 1505 rite
1300 1460 1441 1527 regnum
1459 1439 1534 1521 Dei,
1556 1454 1590 1509 et
1611 1455 1745 1508 caetera
1766 1445 1961 1510 adlicientur
1983 1448 2092 1527 vobis,
2111 1444 2205 1523 rumh

84 1598 91 1609 ,
184 1545 304 1610 panem
325 1536 360 1590 et
380 1545 501 1610 aquam
524 1545 599 1591 curu
620 1522 846 1593 tribulatione.
1218 1520 1365 1613 ligantur
1387 1527 1421 1592 in
1443 1535 1579 1614 genere.
1622 1527 1718 1599 Deus
1741 1530 1798 1595 dat
1819 1531 1998 1616 hospitium
2019 1532 2204 1615 Athanasib

1219 1614 1253 1677 in
1285 1615 1369 1679 urbe
1401 1612 1609 1696 Trevireusi,
1653 1616 1783 1683 etiamsi
1821 1615 2028 1695 Alexandria
2060 1617 2205 1706 pellitur.

261 1697 424 1771 ¹Sciamus
441 1708 553 1763 autem
575 1717 691 1763 ornnes
705 1698 948 1783 promissiones
971 1694 1167 1785 corporales
1220 1698 1360 1784 Semper
1379 1712 1490 1769 autem
1512 1698 1745 1788 corporalibus
1768 1706 2047 1789 promissionibus
2064 1709 2205 1789 addutru

183 1783 311 1849 habere
329 1785 559 1868 exceptionem
575 1784 803 1869 castigationis
820 1796 854 1850 et
871 1784 994 1864 erucis,
1017 1798 1052 1851 ut
1070 1787 1168 1852 casti·
1219 1788 1370 1874 exceptio
1395 1789 1624 1875 castigationis
1647 1801 1680 1855 et
1701 1791 1823 1856 crucis.

186 1883 284 1957 gutur
295 1869 406 1936 David
425 1871 557 1956 rapiens
580 1868 717 1937 alterius
739 1874 836 1937 coniu
863 1892 929 1937 ern:
954 1871 1168 1958 Castigantur
1352 1895 1357 1904 ·

187 1956 229 2021 10
251 1958 374 2036 tribus,
408 1959 485 2021 item
514 1959 600 2023 duae
628 1960 744 2026 tribus.
789 1892 901 2025 lnlris
924 1958 1167 2025 calamitatibus

185 2042 326 2129 publicis
349 2053 408 2108 aut
428 2043 566 2127 privatis
589 2041 767 2130 aliquando
789 2045 890 2111 etiam
912 2046 955 2131 pit
973 2057 1166 2126 onerantur,

187 2151 228 2195 ea
248 2128 386 2195 afflictio
408 2132 596 2196 nominatur
618 2153 714 2212 crux,
737 2145 772 2196 ut
794 2129 928 2198 alilictiu
950 2132 1022 2212 lob,
1044 2131 1167 2219 loseph
1515 2122 1589 2205 DE
1630 2118 1906 2210 PECCATO.

187 2228 220 2281 et
241 2214 405 2282 similium.

271 2386 341 2452 Etsi
370 2400 479 2455 autem
514 2390 602 2454 bona
632 2410 735 2474 opera
756 2394 886 2475 piorum
908 2411 976 2456 nun
1004 2400 1083 2456 suut
1109 2391 1167 2455 im·
1213 2445 1220 2450 ..
1305 2388 1516 2456 Vocabulum
1537 2395 1666 2476 peccati
1695 2393 1728 2457 in
1749 2389 1904 2457 Ecclesia
1926 2415 1992 2459 non
2011 2405 2136 2460 tantum
2157 2394 2206 2460 in·

184 2474 286 2561 pletio
304 2474 419 2561 Legis,
455 2487 488 2541 et
517 2476 657 2542 haerent
678 2491 820 2563 peccata
840 2480 873 2543 in
896 2479 1025 2543 sanctis
1046 2479 1080 2542 in
1101 2477 1167 2543 bac
1218 2472 1388 2564 telligatur
1411 2480 1452 2565 de
1474 2481 1617 2559 actione,
1638 2490 1676 2545 ut
1697 2479 1806 2544 Latini
1829 2479 2042 2546 Grammatici
2065 2479 2205 2567 loquun-

183 2564 268 2628 vita:
311 2573 420 2631 tannen
453 2563 503 2627 eis
536 2566 701 2647 promissa
734 2578 813 2630 sunt
846 2578 879 2629 et
913 2561 1101 2650 corporalia
1135 2576 1168 2629 et
1219 2574 1285 2644 tur,
1308 2565 1369 2628 sed
1391 2565 1559 2652 significat
1581 2567 1790 2632 aversionem
1813 2588 1834 2630 a
1856 2565 1944 2644 Deo,
1977 2589 2068 2632 ream
2092 2590 2206 2634 coram

183 2645 367 2733 spiritualia
388 2652 547 2733 praemia,
562 2653 648 2799 u(puio
669 2649 764 2716 Deus
786 2654 951 2737 approbat
973 2672 1025 2730 ea,
1053 2660 1087 2716 et
1108 2671 1167 2716 no·
1218 2648 1308 2729 Deo,
1329 2669 1391 2716 seu
1413 2654 1611 2732 damnatam,
1634 2653 1697 2718 nisi
1720 2651 1777 2717 liat
1799 2654 1964 2732 remissio,
1986 2655 2059 2719 sive
2082 2655 2114 2718 id
2137 2676 2206 2720 ma·

182 2736 286 2799 minat
303 2735 458 2800 iustitiam
486 2747 560 2800 etc
597 2750 651 2801 tus
672 2735 737 2802 Dei
768 2736 985 2822 praelucente
1018 2736 1100 2814 fide,
1134 2749 1167 2800 et
1219 2734 1288 2800 lum
1310 2736 1354 2800 sit
1376 2738 1476 2817 aetio,
1500 2739 1573 2802 sive
1595 2740 1731 2803 morbus
1754 2737 1899 2803 haerens
1921 2740 1954 2803 in
1978 2752 2107 2805 natura.
2152 2741 2206 2806 Ac

77 2873 80 2877 .
183 2821 255 2887 vult
276 2821 370 2888 Deus
403 2823 555 2888 exerceri
587 2821 684 2887 fidem
718 2836 750 2887 et
783 2843 877 2907 spem
904 2833 937 2888 et
959 2820 1168 2888 dilectionem
1218 2824 1375 2887 usitatum
1398 2836 1449 2888 est
1472 2825 1643 2889 nominare
1666 2826 1750 2889 duas
1774 2826 2205 2911 species‚peocatum01i·

183 2907 298 2973 talium
321 2930 458 2993 operum
481 2910 659 2990 exercitiis,
689 2921 725 2974 ut
747 2909 831 2974 baec
854 2910 965 2974 onmia
987 2906 1085 2973 simul
1111 2927 1167 2974 ex·
1219 2905 1331 2995 ginale
1364 2921 1398 2974 et
1429 2922 1604 2996 peccatum
1627 2907 1779 2976 Actuale.
1829 2911 1872 2975 Et
1905 2913 2025 2976 usitata
2060 2910 2204 2978 definitio

186 3006 276 3061 ercet
294 2997 394 3061 vidua
417 2994 611 3082 Sareptena.
656 2994 770 3062 Credit
805 2997 979 3062 doctrinae
1011 2993 1105 3060 Eliae
1134 3006 1169 3064 et
1219 3007 1272 3062 est
1304 3007 1413 3060 sumta
1446 3016 1490 3062 ex
1512 2994 1710 3062 Anshelmo.
1765 2998 1945 3063 Peccatum
1980 2999 2119 3085 originis
2152 3009 2205 3064 est

183 3085 338 3147 renoscit
368 3104 482 3148 verum
510 3081 632 3162 Deum,
665 3085 730 3149 seit
761 3083 792 3148 ei
825 3082 913 3148 bane
946 3083 1167 3148 obedientiam
1220 3084 1369 3148 carentia
1390 3084 1534 3149 institiae
1556 3081 1728 3171 originalis
1747 3085 1878 3149 debitae
1900 3087 2022 3149 inesse.
2051 3086 2124 3149 Etsi
2146 3106 2204 3150 au·

183 3134 330 3254 placere,
365 3171 454 3257 quod
477 3168 666 3255 Prophetae
687 3172 827 3256 praebet
848 3171 1040 3257 hospitium,
1073 3190 1168 3235 user-
1219 3183 1287 3237 tem
1319 3171 1432 3256 magni
1464 3169 1646 3258 labyrinthi
1679 3183 1757 3236 sunt
1790 3173 2048 3255 disputationum
2077 3172 2206 3238 dehac

185 3267 238 3320 cet
271 3253 370 3321 simul
405 3256 522 3336 fidem,
556 3270 690 3324 exercet
722 3256 948 3337 dilectionem,
982 3258 1060 3342 quia
1090 3256 1166 3322 Dec
1220 3258 1458 3341 descriptione,
1487 3269 1597 3324 tamen
1631 3271 1723 3324 recte
1744 3260 1901 3324 institutis
1925 3256 2100 3343 explicatio
2123 3257 2205 3324 faci·

183 3355 330 3427 praestat
352 3344 572 3409 obedientiam
595 3355 629 3409 et
649 3345 759 3427 pascit
780 3343 993 3430 Prophetarn.
1218 3341 1262 3410 lis
1285 3356 1348 3408 est.

270 3514 318 3587 lta
338 3513 578 3595 Abdemelech,
634 3516 689 3579 uia
711 3513 875 3581 benefecit
891 3516 1064 3596 Ieremiue,
1097 3536 1168 3582 ser·
1307 3514 1390 3580 Cum
1412 3516 1616 3601 privationes
1640 3517 1840 3584 definiantur
1860 3537 1920 3600 per
1942 3516 2087 3596 habitus
2108 3518 2202 3601 prius

184 3613 280 3666 vatur
301 3603 335 3666 in
358 3604 486 3666 excidio
509 3536 699 3667 Ierusalem.
732 3600 826 3666 Talia
848 3601 949 3668 multa
972 3615 1050 3668 sunt
1071 3624 1167 3687 prae·
1220 3603 1397 3689 cogitetur,
1419 3602 1497 3687 quid
1519 3600 1616 3666 suerit
1637 3604 1760 3667 iustitia
1782 3600 1971 3688 originalis,
1994 3623 2079 3688 quae
2101 3623 2204 3689 saepe

184 3689 249 3752 ntia
285 3686 489 3772 corporalia,
522 3690 682 3774 mitigatio
716 3710 897 3774 poenarum
929 3691 1167 3773 praesentium,
1188 3717 1194 3863 p
1219 3690 1430 3767 describitur,
1454 3709 1529 3753 cum
1553 3689 1672 3754 dicitur
1689 3687 1787 3753 honio
1801 3690 1953 3754 conditus
1971 3692 2014 3754 ad
2026 3691 2203 3776 imaginem

184 3770 336 3838 defensio
371 3776 476 3854 vitae,
516 3771 651 3861 politiae
691 3786 725 3841 ct
747 3778 975 3856 oeconomiae,
999 3773 1165 3842 foelicitas
1219 3788 1252 3842 et
1275 3772 1519 3840 similitudinem
1541 3773 1617 3841 Dei.
1660 3774 1703 3839 Et
1725 3777 1959 3860 interpretatur
1983 3774 2106 3841 Paulus
2124 3778 2203 3841 ima·

182 3857 364 3926 liberorum
388 3873 452 3927 etc.
1187 3870 1193 3999 Ι
1219 3865 1329 3950 ginem
1351 3860 1520 3945 Ephesi.
1542 3860 1588 3926 Ut
1609 3861 1752 3926 induatis
1775 3883 1899 3928 notum
1921 3862 2087 3928 huminem
2110 3884 2203 3929 crea·

1218 3961 1287 4015 turn
1309 3949 1495 4013 secundum
1516 3946 1626 4012 Deum
1654 3948 1686 4011 in
1710 3949 1833 4014 iustitia
1855 3960 1889 4014 et
1910 3952 2086 4015 sanctitate
2109 3970 2201 4016 vera.

269 4031 323 4096 De
341 4029 464 4096 talibus
481 4036 636 4118 praemiis
652 4033 831 4121 loquuntur
848 4033 934 4114 haec
950 4035 1054 4102 dicta:
1077 4034 1165 4116 Date
1217 4035 1300 4100 Erat
1332 4036 1431 4121 igitur
1463 4035 1588 4100 iustitia
1609 4032 1790 4122 Originalis
1823 4050 1857 4101 et
1878 4038 2063 4120 acceptatio
2088 4057 2202 4102 curam

185 4131 218 4183 et
240 4118 371 4182 dabitur
393 4119 504 4184 vobis.
548 4119 883 4201 immorientem
910 4133 1023 4206 potum
1057 4143 1165 4208 aquae
1217 4121 1367 4202 Deo,.ct
1398 4122 1433 4184 in
1460 4134 1570 4187 mente
1601 4118 1661 4187 lux
1684 4134 1774 4187 recte
1795 4143 1986 4208 agnoscens
2009 4122 2135 4200 Deum,
2168 4132 2202 4186 et

182 4206 239 4270 uni
257 4227 298 4269 ex
320 4206 461 4269 minimis
478 4225 627 4273 meorum
673 4220 785 4292 ropter
807 4209 1002 4288 doctrinam,
1032 4207 1165 4275 habebit
1218 4229 1305 4296 quae
1326 4209 1481 4272 assentiri
1503 4207 1619 4273 Verbo
1641 4208 1706 4275 Dei
1728 4222 1871 4294 poterat,
1893 4222 1926 4273 et
1948 4210 2030 4273 radii
2052 4206 2200 4272 illustres
2303 4214 2309 4231 ⁶

182 4293 382 4356 mercedem.
416 4290 536 4357 Esaiae
558 4292 610 4359 33.
648 4231 778 4381 liegem
795 4297 828 4361 in
852 4297 973 4361 decore
991 4316 1053 4360 suc
1076 4296 1166 4361 vide·
1217 4295 1401 4380 sapientiae
1433 4295 1535 4380 Legis
1568 4293 1758 4361 transfusae
1790 4298 1824 4360 in
1857 4292 2008 4359 homines
2040 4294 2072 4357 in
2107 4315 2200 4358 crea·

184 4379 282 4459 bunt,
316 4380 434 4455 idest,
469 4380 629 4445 videbunt
649 4380 809 4447 florentes
831 4380 984 4466 politias,
1011 4381 1165 4447 florentia
1217 4383 1317 4447 tione.
1347 4379 1391 4447 Et
1411 4393 1483 4447 erat
1504 4383 1538 4445 in
1561 4382 1664 4447 corde
1683 4382 1904 4468 congruentia
1923 4403 1997 4446 cunr
2008 4378 2100 4464 Lege
2122 4379 2199 4460 Dei,

183 4465 330 4550 imperia.
372 4464 527 4531 toenitis.
572 4467 705 4555 Frange
726 4469 885 4534 esurienti
908 4491 1027 4555 panem
1061 4479 1164 4548 tuum,
1216 4466 1363 4534 Dilectiu
1385 4467 1461 4548 Dei,
1494 4478 1528 4533 et
1553 4468 1696 4537 Laetitia
1723 4470 1755 4532 in
1779 4466 1866 4547 Deo,
1895 4479 1929 4532 ct
1957 4468 2088 4554 integer
2116 4466 2200 4532 ardu

184 4565 217 4616 et
239 4554 385 4639 requiem
409 4552 499 4617 dabit
521 4553 579 4619 tibi
597 4553 760 4620 Dominus
784 4576 926 4641 seraper.
1218 4557 1363 4622 omnium
1401 4556 1520 4621 virium
1556 4556 1710 4621 bominis.
1761 4554 1804 4618 Et
1838 4551 1914 4618 talis
1947 4553 1978 4617 si
2017 4553 2201 4619 mansisset

1216 4643 1329 4722 humo,
1358 4639 1477 4707 fuisset
1501 4638 1657 4727 templum
1675 4639 1752 4720 Dei,
1780 4650 1813 4706 et
1842 4643 1929 4705 sicut
1959 4641 1991 4705 in
2014 4640 2121 4725 primu
2144 4661 2199 4706 ca·

268 4725 318 4789 lta
341 4724 423 4791 fiunt
444 4733 538 4789 ratae
559 4728 819 4810 promissiones,
841 4728 973 4794 additae
996 4728 1166 4814 operibus,
1239 4731 1284 4794 ite
1304 4726 1462 4795 lobannis
1484 4728 1615 4805 dicitur,
1647 4729 1677 4791 si
1708 4726 1808 4791 homo
1838 4727 2029 4792 retinuisset
2050 4726 2201 4793 Verbum

182 4810 215 4876 in
249 4808 302 4874 bis
335 4815 390 4896 qui
412 4810 580 4877 iustificati
607 4824 685 4878 sunt
706 4814 791 4896 fide,
823 4826 857 4880 et
878 4828 972 4882 recte
993 4826 1166 4902 praestant
1251 4816 1299 4895 ei,
1330 4813 1435 4880 Filius
1456 4812 1521 4880 Dei
1548 4815 1582 4879 in
1607 4811 1740 4878 homine
1760 4812 1964 4879 vivificasset
1992 4834 2078 4892 eum,
2112 4813 2200 4877 sicut

184 4897 420 4978 obedientiam,
453 4900 495 4964 de
517 4919 584 4985 qua
607 4900 683 4965 dicit
705 4902 843 4967 Petrus:
889 4901 1013 4969 Offerte
1036 4903 1165 4968 hostias
1217 4902 1353 4967 diciturz
1378 4901 1525 4967 Verbum
1547 4909 1621 4966 erat
1641 4901 1712 4966 vita
1731 4898 1887 4979 huminis,
1909 4912 1942 4964 et
1960 4899 2080 4966 suisset
2098 4898 2199 4964 homo

183 4980 374 5068 spirituales
396 4982 570 5070 placentes
599 4985 675 5051 Deo
696 5000 834 5074 propter
855 4992 964 5055 lesum
985 4988 1167 5069 Christum,
1216 4988 1291 5054 sine
1335 4998 1451 5056 cecato
1474 4999 1507 5053 et
1528 4998 1648 5068 morte,
1668 5006 1710 5052 ac
1731 4983 1882 5052 fulsisset
1904 4987 1937 5052 in
1959 5006 2000 5051 eo
2022 4984 2116 5050 firma
2138 5004 2198 5049 nc·

183 5071 279 5154 quasi
301 5069 405 5136 dicat:
427 5093 495 5138 non
516 5085 654 5160 propter
663 5071 805 5164 Legemt
825 5074 951 5144 Tamen
975 5077 1018 5142 de
1039 5074 1092 5142 bis
1114 5096 1167 5145 re·
1216 5075 1285 5141 titia
1341 5076 1372 5143 ei
1392 5093 1454 5160 per
1475 5073 1624 5141 Verbum
1644 5073 1801 5142 babitans
1825 5073 1860 5141 lu
1887 5085 2010 5152 mente,
2040 5083 2074 5138 et
2093 5069 2198 5138 arsb-

1320 5232 1326 5278 3
1991 5187 2042 5245 87⁹
