4628 5588
191 180 252 249 rar
769 186 775 196 ·
911 178 965 243 111.
987 170 1260 247 cumcursts
1280 136 1494 247 cosmus.
1758 176 1763 187 ·
2134 182 2196 251 ter

186 369 265 436 inde
309 365 398 434 lacet
419 346 454 432 et
473 363 630 433 inchoata
651 362 866 445 obedientia,
880 366 960 450 quia
980 372 1095 433 sumus
1117 363 1167 431 fa·
1388 348 1606 477 Quomodg
1637 377 1835 460 amittitur
1912 375 2019 460 agia?
2128 372 2141 407 ι

190 457 234 522 cti
267 389 345 534 filit,
378 465 412 520 et
444 454 609 518 credimus
632 463 770 541 propter
792 449 964 517 Christum
985 451 1167 518 condonari
1864 405 1913 489 gr
1985 534 1989 543 Ι

188 541 287 608 nobis
308 539 535 625 indignitatem
556 548 717 603 nostram.
762 537 944 623 Utrumque
965 538 1066 624 igitur
1086 537 1167 603 sciri
1198 590 1209 606 .

189 645 331 693 necessa
352 637 415 703 est,
438 635 474 689 ut
495 622 617 689 fiducia
637 624 793 708 propriae
814 624 970 703 iustitiae,
993 636 1026 689 et
1048 625 1167 708 despe-
1303 623 1439 691 Dictum
1471 635 1535 704 est,
1568 626 1602 691 in
1634 628 1761 692 sanctis
1794 646 1928 699 manare
1959 637 2112 710 peccata,
2132 627 2215 699 sed¹
2251 690 2254 695 .

189 713 276 778 ratio
306 712 425 775 animis
458 711 652 774 eximantur.
707 708 793 773 Nam
820 709 945 795 agnitio
967 708 1166 775 infirmitatis
1216 722 1329 777 tamen
1363 711 1541 776 discrimen
1574 714 1751 778 tenendum
1784 724 1846 776 eu.
1915 712 2087 786 Quaedam
2118 721 2196 777 suut

188 809 324 864 nostrae
345 793 495 862 humiliat
515 815 591 873 nos,
612 795 727 860 incutit
747 806 914 872 terrores,
947 806 981 858 et
1003 795 1167 860 exuscitet
1217 795 1395 873 eiusmodi,
1428 807 1465 861 ut
1495 794 1595 862 simul
1638 801 1781 863 existere
1814 797 1899 863 fides
1920 811 1953 862 et
2002 799 2087 862 retia
2118 816 2196 882 pos·

187 883 436 970 poenitentiam.
469 880 600 946 Rursus
621 892 731 945 autem
752 881 871 965 iugens
894 878 1080 947 consolatio
1103 892 1166 969 est,
1217 885 1271 947 sit.
1325 878 1403 946 Alia
1423 883 1592 948 excutiunt
1613 882 1712 948 iidem
1733 896 1767 948 et
1789 886 1939 970 gratiam.
2014 905 2056 948 oc
2078 883 2195 949 discri-

188 969 279 1056 quod
310 969 355 1052 pii
384 968 418 1030 in
450 976 543 1031 tanta
570 965 759 1031 intimuitate
794 976 905 1029 tamen
927 976 1050 1031 norunt
1073 976 1165 1032 certo
1217 989 1294 1035 men
1333 968 1433 1033 tradit
1472 965 1596 1032 Paulus
1628 969 1726 1034 Rom.
1753 970 1785 1035 8.
1841 970 1878 1033 st
1906 970 2090 1034 secundum
2123 989 2196 1033 car·

189 1053 400 1118 statuendum
423 1072 512 1131 esse,
534 1052 624 1135 quod
646 1048 802 1135 placeant
814 1048 891 1114 Deo
912 1063 1049 1136 propter
1071 1051 1166 1117 Chri·
1216 1074 1294 1118 nem
1325 1054 1455 1130 vivetis,
1488 1056 1686 1132 moriemini,
1715 1054 1751 1118 Si
1773 1067 1884 1119 autem
1905 1056 2023 1139 spiritu
2045 1054 2196 1120 actiones

188 1151 287 1205 stum.
330 1137 461 1202 Deinde
493 1139 584 1223 quod
604 1136 679 1200 Deo
712 1137 812 1201 etiarn
834 1134 920 1201 boec
941 1137 1111 1222 inquinata
1133 1148 1166 1201 et
1218 1139 1328 1203 carnis
1350 1136 1608 1217 mortificabitis,
1640 1141 1771 1205 vivetis.
1823 1138 1936 1203 bianet
1960 1141 2097 1204 enimin
2120 1158 2196 1205 san·

186 1222 381 1309 imperfecta
414 1224 601 1288 obedientia
628 1221 778 1307 placeat,
810 1222 888 1286 ruia
912 1241 1028 1287 sumus
1049 1222 1166 1287 inserti
1218 1227 1281 1288 ctis
1313 1222 1473 1288 naturalis
1508 1224 1698 1303 infirmitas,
1731 1227 2016 1309 concupiscentia,
2050 1222 2197 1291 etmulti

188 1309 335 1388 Christo,
358 1311 444 1391 sieut
465 1307 589 1373 Paulus
610 1308 732 1393 iuquit:
764 1261 865 1373 Nulla
886 1326 975 1372 nunc
998 1309 1164 1372 damnatio
1217 1310 1327 1375 vitiosi
1358 1309 1509 1374 allectus.
1564 1310 1633 1375 Sed
1665 1311 1743 1394 quia
1775 1310 1828 1373 his
1863 1331 1929 1375 non
1967 1313 2196 1392 obtemperent

187 1409 240 1460 est
261 1394 326 1474 his,
355 1396 465 1480 quiin
487 1392 621 1459 Christo
644 1394 721 1458 lesu
743 1390 925 1458 ambulant.
969 1392 1075 1458 Tanta
1097 1414 1165 1458 ma·
1217 1396 1341 1471 sancti,
1375 1415 1490 1459 verum
1512 1409 1699 1481 repugnant
1721 1408 1761 1479 et·
1775 1407 1963 1481 agnoscunt
1985 1398 2048 1460 sibi
2064 1396 2196 1461 ,condo-

187 1482 326 1566 gnitudo
348 1481 595 1545 misericordiae
616 1481 757 1544 maxime
773 1480 959 1543 accendere
980 1499 1044 1544 nos
1066 1479 1166 1544 debet
1217 1482 1290 1544 nuri
1311 1480 1400 1544 hanc
1421 1479 1641 1546 infirmitatem
1663 1494 1797 1566 propter
1809 1480 1989 1560 Christum,
2013 1488 2100 1545 baec
2117 1500 2195 1564 pec·

187 1569 230 1631 ad
264 1570 349 1631 benc
382 1568 601 1650 operandum,
623 1576 657 1629 et
688 1565 732 1628 ad
753 1565 965 1628 sustinendas
992 1584 1166 1631 aerumnas
1189 1560 1195 1671 Ι
1218 1578 1294 1630 eata
1312 1567 1464 1631 dicuntur
1485 1565 1639 1646 venialia,
1661 1567 1727 1632 boc
1749 1578 1813 1644 est,
1834 1565 1928 1643 talia,
1961 1586 2048 1650 quae
2070 1567 2196 1631 sanctis
2307 1572 2310 1577 '

70 1712 75 1731 ,
188 1655 295 1718 omnis
342 1654 466 1730 oneris,
499 1653 577 1738 quia
599 1650 757 1715 discimus
783 1668 826 1737 px
846 1647 1052 1735 Evangelio,
1085 1672 1166 1737 quo·
1189 1678 1194 1715 ι
1218 1652 1464 1735 condonantur,
1498 1662 1532 1716 et
1562 1665 1701 1735 propter
1728 1672 1815 1738 quae
1836 1674 1903 1716 non
1925 1653 2076 1715 anrittunt
2098 1651 2196 1715 iidem

187 1739 288 1803 modo
309 1673 443 1822 placem
464 1739 497 1801 in
520 1748 612 1804 tanta
628 1735 816 1801 infirmitate
838 1734 1164 1803 obedientianostra
1217 1749 1250 1800 et
1272 1735 1431 1820 Spiritum
1452 1748 1615 1801 sanctum.
1659 1738 1719 1801 Est
1747 1739 1847 1821 igitur
1869 1749 2043 1821 peceatum
2066 1734 2196 1801 veniale
2243 1738 2251 1747 “
2282 1804 2285 1823 ι

1216 1823 1357 1886 vitiosus
1379 1822 1529 1901 allectus,
1552 1825 1606 1888 eui
1627 1843 1694 1887 noo
1716 1824 1944 1906 obtemperant
1965 1823 2027 1905 pii,
2061 1823 2123 1886 scd
2144 1842 2196 1887 re·

1164 1942 1167 1949 ·
1216 1920 1381 1992 pugnant,
1415 1922 1448 1971 ει
1471 1910 1611 1973 credunt
1633 1909 1696 1972 sibi
1720 1928 1793 1973 eam
1815 1907 2035 1971 infirmitatem
2057 1918 2196 1992 propter

1217 1990 1386 2057 Christum
1408 1995 1601 2058 condonari.

330 2059 509 2128 CAUSAE
531 2058 797 2125 HORTANTES
824 2058 889 2125 AD
910 2056 1029 2125 BENE
1668 2098 1670 2102 ·

529 2162 823 2229 OPERANDUM.
1303 2160 1372 2226 Sed
1405 2165 1538 2246 quando
1566 2184 1633 2226 non
1655 2173 1856 2249 repugnant,
1889 2182 2004 2226 verum
2028 2163 2196 2246 obtempe-

1214 2259 1290 2313 rant
1317 2248 1445 2313 vitiosis
1476 2248 1650 2324 affectibus
1684 2260 1800 2312 contra
1823 2249 2079 2325 conscientiam,
2114 2249 2197 2311 liunt

600 2389 607 2406 ,
1215 2345 1357 2416 peccata
1377 2331 1540 2410 mortalia,
1564 2335 1677 2410 idest,
1699 2345 1835 2416 propter
1857 2353 1943 2417 quae
1965 2329 2025 2411 illi,
2048 2333 2103 2417 qui
2125 2330 2196 2397 sue·

271 2421 479 2496 Necessitas,
501 2439 586 2504 quiae
607 2416 728 2502 triplex
750 2430 813 2484 εει.
838 2418 963 2498 Prima,
985 2421 1063 2503 quia
1075 2437 1165 2482 man·
1214 2429 1290 2482 rant
1311 2419 1407 2496 iusti,
1436 2422 1587 2485 andttunt
1608 2419 1707 2483 fidem
1729 2432 1763 2483 et
1783 2419 1941 2504 Spiritum
1959 2431 2129 2493 sanctum,
2162 2428 2197 2482 et

186 2510 295 2573 datum
319 2516 440 2585 estut
459 2503 535 2568 Deo
558 2498 763 2573 obediamus.
808 2503 976 2583 Secunda,
998 2506 1076 2589 quia
1097 2523 1165 2567 uon
1238 2516 1350 2588 repter
1378 2524 1464 2589 quae
1498 2504 1581 2570 fiunt
1602 2506 1650 2569 rei
1672 2505 1788 2569 mortis
1810 2517 1978 2593 aetem,
2000 2505 2088 2569 sicut
2110 2502 2197 2569 Pau·

184 2605 297 2676 potest
314 2594 460 2657 existere
483 2578 567 2653 tides
589 2592 622 2653 in
644 2591 698 2681 iis,
716 2591 771 2675 qui
793 2611 859 2654 non
879 2589 1164 2675 aguntpoeniten·
1214 2525 1269 2655 llus
1291 2591 1410 2673 inquit:
1433 2589 1461 2653 F
1463 2592 1688 2667 ornicatores,
1714 2586 1873 2668 adulteri,
1906 2590 2105 2666 homicidae,
2127 2608 2196 2652 non

91 2670 104 2689 “’
137 2733 142 2736 s
184 2682 275 2756 tiam,
296 2679 359 2742 sed
379 2676 496 2741 laxant
518 2671 648 2739 frenum
670 2676 916 2760 cupiditatibus.
940 2673 1063 2753 Tertia,
1086 2674 1164 2759 quia
1214 2676 1434 2759 possidebunt
1454 2695 1594 2761 regnum
1615 2675 1690 2739 Dei.
1718 2673 1904 2740 Teneamus
1921 2677 2020 2760 igitur
2041 2676 2107 2739 hoc
2130 2676 2196 2738 dis·
2279 2726 2293 2743 2

184 2764 270 2828 fides
288 2764 500 2847 extinguitur,
524 2761 554 2824 si
576 2780 643 2825 non
665 2774 860 2826 exerceatur
887 2763 920 2825 in
942 2761 1163 2838 invocatione,
1216 2763 1359 2839 crimen,
1392 2782 1436 2826 ne
1456 2764 1562 2826 simus
1583 2761 1708 2846 ignavi,
1729 2781 1792 2825 nec
1814 2759 1965 2825 laxemus
1987 2758 2117 2824 frenum
2139 2780 2194 2824 cur

184 2846 434 2926 afflictionibus,
457 2859 491 2911 ει
512 2847 610 2939 bopis
633 2848 800 2932 operibus,
834 2847 975 2930 Semper
986 2847 1104 2910 enimo
1130 2865 1162 2909 e·
1213 2847 1417 2931 piditatibus,
1439 2867 1483 2911 ne
1504 2849 1692 2912 amittamus
1714 2846 1804 2911 dena
1824 2843 1907 2925 Dei,
1930 2847 1990 2910 sed
2013 2845 2196 2911 rnenrineri-
2291 2885 2297 2897 -

184 2937 276 2998 ribus
298 2936 398 2998 debet
419 2933 549 3018 praeire
571 2931 667 3011 fides,
689 2943 727 2997 ut
749 2935 875 3018 cogitet
896 2950 991 2996 niens
1014 2951 1054 2995 se
1076 2867 1164 2995 vllte
1213 2952 1288 2997 mus
1304 2933 1452 3009 assidue,
1473 2944 1530 2996 tan
1555 2953 1629 2997 uam
1650 2933 1685 2997 io
1706 2933 1778 2997 acie
1800 2934 1955 2997 standum
1977 2952 2066 3010 csse,
2088 2953 2129 2996 ac
2142 2951 2196 2999 co·

185 3020 321 3084 obedire
348 3019 441 3095 Deo,
475 3029 508 3082 et
538 3016 604 3082 boe
637 3037 721 3101 opus
755 3015 891 3103 placere
919 3017 994 3084 Deo
1027 3028 1164 3102 propter
1213 3018 1341 3123 *udas
1373 3018 1510 3083 insidias
1575 3011 1694 3098 iaboli,
1725 3030 1759 3083 et
1791 3019 2020 3103 reprimendos
2053 3018 2194 3094 vitiosos

185 3103 364 3178 Christum.
397 3115 431 3168 ct
458 3112 556 3188 roget
587 3113 623 3167 ut
644 3114 780 3191 regatur
802 3125 822 3169 a
845 3102 934 3168 Deo.
977 3104 1031 3170 Sic
1051 3102 1164 3171 David
1214 3110 1336 3182 motus,
1370 3104 1415 3167 ad
1448 3104 1656 3172 excitandam
1688 3106 1952 3185 invocationem,
1985 3115 2018 3168 et
2039 3102 2139 3167 fidem
2160 3104 2194 3168 iu

183 3191 216 3256 iu
239 3210 302 3255 suu
322 3190 499 3256 vocatione
521 3188 690 3254 coustituit
712 3209 751 3252 se
774 3184 861 3253 velle
873 3189 1008 3254 obedire
1020 3186 1108 3269 Deo,
1129 3200 1164 3253 et
1213 3191 1314 3254 tantis
1336 3189 1424 3254 vitae
1444 3188 1615 3274 periculis,
1637 3212 1723 3275 quae
1745 3201 1778 3255 et
1799 3178 1925 3255 maiora
1945 3202 1979 3255 ει
1997 3187 2192 3274 plurasunt,

184 3278 285 3341 sentit
317 3273 374 3340 illa
407 3295 511 3358 opera
545 3275 729 3339 vocationis
748 3273 823 3338 Deo
844 3271 998 3359 placere,
1026 3285 1164 3359 propter
1214 3296 1312 3360 quam
1336 3285 1371 3339 ut
1392 3273 1531 3384 intelligi
1549 3289 1607 3341 aut
1628 3277 1774 3362 prospici
1796 3296 1818 3340 a
1839 3277 2090 3360 nobispossint.
2114 3274 2193 3338 ldao

183 3366 381 3448 promissam
398 3361 668 3438 misericordiam,
690 3372 724 3425 et
747 3373 864 3445 rogat,
893 3372 928 3425 ut
946 3358 1040 3425 Deus
1063 3380 1171 3447 voca-¹
1213 3361 1400 3445 promissus
1433 3373 1486 3425 est
1503 3365 1646 3445 spiritus
1668 3371 1825 3441 sanctus,
1858 3373 1895 3427 ut
1917 3383 1981 3426 nos
2003 3361 2138 3441 adiuvet
2160 3370 2194 3423 et

172 3442 316 3513 ‘tionem'
340 3448 410 3512 eius
439 3449 619 3532 gubernet,
652 3445 726 3510 Hoc
757 3446 857 3510 modo
891 3449 1080 3512 exercenda
1113 3448 1174 3509 εει
1215 3448 1390 3532 gubernet.
1435 3447 1610 3512 Gubernat
1640 3460 1750 3512 autem
1772 3467 1839 3511 non
1857 3448 2012 3524 vitiosos,
2047 3457 2080 3509 et
2101 3447 2194 3531 igna-

184 3532 269 3598 fides
291 3534 324 3598 in
346 3534 499 3596 omnibus
523 3532 690 3617 operibus.
719 3530 859 3610 Quarta,
882 3533 1021 3596 invitant
1042 3534 1084 3596 ad
1107 3533 1163 3596 be·
1215 3552 1290 3609 vos,
1314 3533 1375 3596 sed
1398 3545 1622 3617 repugnantes
1639 3547 1779 3616 peccato
1825 3534 1912 3597 sicut
1935 3529 2060 3595 Paulus
2082 3529 2194 3594 borta-
2231 3536 2236 3541 '

184 3639 227 3682 ne
249 3619 454 3704 operandum
476 3628 509 3682 et
529 3618 770 3703 promissiones
794 3617 925 3682 additae
943 3619 1101 3699 operibus
1122 3637 1172 3681 ac.
1212 3628 1279 3694 tur,
1314 3628 1349 3683 ut
1372 3639 1544 3696 curemus,
1577 3639 1620 3682 nc
1642 3616 1766 3682 frustra
1782 3576 2022 3700 deceperimus
2038 3616 2194 3701 gratiam.

184 3707 342 3789 praemia.
385 3702 517 3768 liabent
548 3705 634 3767 enim
666 3704 755 3769 bona
783 3722 887 3786 opera
919 3702 1048 3787 piorum
1070 3722 1164 3788 prae·
1213 3701 1286 3783 Etsi
1308 3714 1437 3780 autem,
1464 3713 1598 3767 utente
1620 3703 1742 3767 dictum
1765 3715 1832 3781 est,
1868 3702 2141 3786 concupiscentia
2162 3712 2196 3765 et

184 3791 249 3854 mia
282 3786 472 3873 corporalia
504 3799 537 3852 et
569 3785 771 3872 spiritualia,
810 3804 846 3854 ut
879 3788 978 3853 docet
1010 3799 1164 3875 quartum
1214 3788 1325 3853 vitiosi
1346 3800 1476 3863 motus,
1511 3789 1631 3872 quibus
1653 3799 1837 3873 repugnant
1858 3789 1921 3871 pii,
1950 3787 2033 3853 fiunt
2056 3782 2195 3852 venialia

185 3876 415 3959 praeceptum:
437 3872 574 3938 llonora
588 3884 717 3959 patrem
739 3885 773 3938 et
795 3886 944 3951 matrem,
964 3885 1000 3938 ut
1020 3877 1068 3939 sis
1090 3871 1161 3938 lon·
1214 3885 1364 3958 peccata,
1387 3885 1496 3938 tamen
1518 3885 1552 3936 et
1572 3871 1691 3939 horum
1708 3875 1899 3959 magnitudo
1922 3876 2063 3960 agnosci
2085 3874 2193 3937 debet

211 3979 314 4025 aevus
348 3978 452 4042 super
485 3971 619 4024 terram.
663 3956 752 4024 Date
770 3969 805 4023 et
826 3960 958 4025 dabitur
979 3960 1075 4024 vobis
1097 3970 1162 4024 etc.
1213 3958 1289 4024 Non
1312 3961 1396 4023 enim
1419 3972 1497 4023 sunt
1519 3956 1614 4023 leves
1636 3960 1753 4032 morbi,
1776 3961 1937 4025 dubitatio
1960 3961 2002 4025 de
2024 3963 2074 4025 ira
2093 3958 2195 4022 etmi·
2287 4008 2292 4017 .

183 3981 246 4111 list
266 4057 375 4110 autem
398 4056 431 4108 et
453 4045 486 4107 in
508 4045 561 4108 his
583 4046 859 4129 promissionibus
871 4047 1057 4110 exercenda
1067 4044 1164 4124 fides,
1213 4045 1398 4109 sericordia
1409 4043 1484 4123 Dei,
1507 4047 1681 4125 securitas,
1704 4041 1897 4124 diffidentia,
1921 4067 1987 4109 non
2006 4047 2124 4111 ardere
2147 4042 2194 4107 di·

184 4151 258 4195 cum
282 4131 399 4194 damus
423 4126 692 4215 eleemosynam,
726 4133 901 4196 credamus
922 4130 1030 4196 Deum
1054 4142 1163 4195 tamen
1212 4127 1358 4194 lectione
1379 4127 1456 4210 Dei,
1477 4152 1544 4195 non
1566 4131 1723 4196 ardenter
1745 4130 2032 4208 invocareDeum,
2054 4127 2194 4193 lremere

185 4218 460 4280 conservaturum
493 4233 571 4279 esse
598 4211 777 4281 facultates
798 4226 951 4295 nostrae,
986 4216 1163 4282 credamus
1212 4216 1376 4280 adversus
1397 4215 1507 4282 Deum
1535 4217 1569 4281 in
1599 4214 1845 4285 afflictionibus.
1890 4216 1983 4280 llaec
2015 4216 2094 4279 vitia
2125 4233 2193 4278 nou

184 4313 217 4367 et
245 4311 396 4385 petamus
428 4301 543 4384 augeri
567 4301 654 4365 dona
676 4299 872 4386 spiritualia,
892 4302 981 4367 sicut
1002 4301 1162 4385 Augusti·
1213 4298 1368 4388 intelligit
1395 4302 1480 4367 ratio
1502 4300 1655 4382 humana,
1677 4303 1754 4368 ideo
1777 4303 1957 4368 contemnit
1978 4309 2119 4385 peccata
2137 4317 2193 4363 ve·

183 4406 247 4451 nus
281 4387 403 4471 inquitr
446 4383 590 4450 Dilectio
624 4400 768 4452 meretur
800 4388 917 4472 augeri
940 4384 1161 4452 dilectionem.
1212 4385 1330 4464 nialia,
1366 4387 1426 4457 sed
1448 4389 1494 4470 pii
1515 4390 1625 4453 sciant
1644 4390 1719 4454 'non
1742 4408 1820 4453 esse
1843 4386 2064 4452 extenuanda.
2106 4383 2193 4449 liam
2291 4428 2295 4433 -

184 4469 379 4557 Exemplum
412 4473 584 4576 egregium
616 4475 822 4556 propositum
845 4474 880 4538 in
901 4470 1041 4537 historia
1063 4470 1162 4536 Sare-
1213 4473 1483 4555 concupiscentia
1504 4494 1578 4537 cum
1600 4473 1671 4538 suis
1692 4472 1857 4537 tractibus
1877 4485 1930 4535 est
1951 4491 1989 4534 re
2010 4471 2085 4555 ipsa
2106 4489 2193 4535 mor·

207 4568 307 4622 tanae
323 4554 480 4638 mulieris,
501 4576 589 4642 quae
606 4558 699 4622 iussa
719 4559 762 4625 ab
784 4556 897 4639 Helia,
930 4558 1071 4645 primum
1098 4558 1162 4641 ipsi
1212 4555 1281 4622 tale
1298 4569 1482 4643 peccatum,
1505 4560 1539 4623 in
1561 4579 1628 4623 non
1650 4559 1790 4637 renatis,
1818 4568 1852 4620 et
1874 4555 1976 4642 louge
1998 4558 2104 4622 maius
2126 4575 2192 4619 ma·
2249 4578 2255 4585 ·

142 4658 145 4663 ·
183 4577 370 4721 dct'cibos,
393 4662 478 4729 quos
497 4639 591 4708 solos
613 4640 759 4709 habebat
781 4640 941 4730 reliquos,
963 4655 996 4709 ει
1007 4654 1162 4729 expecta·
1211 4639 1279 4708 lum
1302 4655 1366 4721 est,
1390 4663 1487 4728 quam
1509 4657 1546 4709 ut
1568 4644 1640 4708 eius
1663 4644 1854 4727 magnitudo
1873 4662 1894 4706 a
1915 4643 2043 4708 ratione
2065 4641 2191 4726 perspi-

184 4727 243 4792 bat
275 4725 431 4793 auxilium
462 4749 484 4793 a
505 4727 597 4809 Deo,
630 4729 676 4792 ita
702 4726 797 4794 Deus
829 4731 921 4795 auxit
942 4727 1021 4794 illos
1055 4729 1162 4809 cibos,
1213 4729 1244 4792 ci
1288 4730 1380 4817 ossit.
1425 4728 1505 4799 ldeo
1526 4729 1571 4813 pii
1592 4727 1657 4793 bos
1679 4730 1814 4793 morbos
1836 4741 2033 4813 agnoscant,
2058 4739 2091 4792 ct
2111 4746 2191 4792 vere

183 4825 304 4897 postea
335 4815 465 4878 ornavit
496 4832 571 4878 eam
592 4823 627 4879 et
646 4810 720 4878 aliis
743 4815 848 4878 donis.
892 4815 941 4880 lta
963 4828 1083 4891 etuas
1105 4835 1161 4878 ex·
1211 4751 1481 4899 perluorrescant,
1504 4835 1579 4880 cum
1601 4825 1749 4891 cernent,
1771 4814 2111 4900 quornodorepugnat
2133 4814 2210 4876 na·'

184 4917 357 4964 eroeamus
387 4900 487 4965 tidem
517 4900 551 4963 in
575 4888 787 4964 invocatione
808 4909 840 4964 et
861 4902 1016 4967 omnibus
1033 4903 1162 4987 pericu·
1211 4910 1285 4964 tura
1306 4900 1448 4992 hominis
1472 4897 1633 4964 voluntati
1650 4896 1727 4976 Dei,
1750 4897 1972 4964 sicutPaulus
1996 4898 2117 4984 inquit:
2140 4895 2191 4961 ln·

182 4980 237 5064 lis,
258 4984 414 5071 negotiis,
437 4996 472 5050 et
492 4987 691 5063 actionibus,
713 4996 748 5051 et
767 4985 965 5052 obediamus
985 4987 1073 5067 Deo,
1104 5006 1179 5071 per
1210 4981 1315 5051 foelix
1395 5005 1415 5048 o
1448 4983 1559 5050 homo.
1602 4983 1733 5049 Rursus
1752 4998 1862 5052 autem
1891 4986 2022 5071 erigant
2050 5002 2089 5049 se
2110 4983 2193 5062 tide,

183 5081 294 5136 tentas
315 5082 351 5136 et
371 5081 588 5155 expectantes
596 5073 649 5137 ab
666 5071 741 5158 ipso
764 5067 933 5138 auxilium.
1210 5081 1245 5136 et
1271 5073 1336 5138 sibi
1403 5071 1500 5135 nosci
1532 5071 1711 5149 credant,
1733 5081 1768 5137 et
1804 5072 1892 5137 serio
1924 5079 2112 5155 repugnent
2150 5065 2189 5133 tl·

1878 5240 1885 5255 ,
1984 5187 2036 5238 rr·
