4628 5588
167 408 219 466 ro,
241 386 318 471 quia
338 381 417 449 hinc
434 382 566 448 discunt
587 380 685 446 fidem
706 381 764 444 niti
774 398 928 445 sermone
938 367 1061 448 divino,
1079 373 1146 438 Sed

168 484 279 538 moneo
300 471 376 556 pios
398 470 512 535 doceri
534 478 567 535 et
589 465 777 533 confirmari
799 462 1147 550 possetestificatione

168 559 295 643 pianum
314 557 535 647 Synodorum.

276 875 663 994 svunonrn
701 858 1033 987 urrunnu.

172 1156 278 1223 Credo
288 1159 322 1219 tn
332 1171 431 1218 anum
447 1155 558 1229 Deum,
572 1154 703 1215 Patrem
713 1155 968 1231 omnipotentem
984 1152 1146 1229 fortoran

253 1244 336 1306 coeti
349 1246 384 1303 et
396 1247 514 1320 terrae,
536 1240 705 1302 viritutum
722 1242 861 1300 omnium
882 1242 918 1301 ct
931 1235 1144 1298 invisibilium.

67 1362 72 1371 '
168 1362 212 1426 Et
231 1365 265 1424 tn
286 1378 385 1423 amm
407 1357 578 1422 dominum
599 1360 706 1422 lecum
731 1330 910 1423 thracum,
946 1355 1063 1417 Filium
1084 1354 1148 1417 Det

254 1451 469 1525 uoluentium,
501 1451 537 1507 et
554 1460 606 1508 ee
620 1445 720 1507 Patre
741 1448 853 1504 notum
875 1447 951 1503 onte
968 1445 1075 1503 omnia
1095 1458 1146 1502 ae·

254 1535 343 1611 culo,
366 1528 471 1594 Deum
492 1530 534 1593 de
554 1530 639 1609 Deo,
660 1531 782 1592 wrcen
804 1527 845 1590 de
866 1528 1014 1605 Lumine,
1044 1528 1147 1589 Deum

254 1635 365 1682 oerum
386 1617 427 1678 de
447 1616 517 1679 Deo
539 1633 622 1693 cero,
640 1618 794 1694 penitam,
816 1630 880 1675 non
900 1614 1040 1691 factum,
1064 1629 1147 1674 con-

254 1704 497 1766 adamnanum
518 1702 620 1780 Patri,
640 1718 703 1781 per
724 1717 816 1778 quem
837 1702 945 1761 omnia
961 1697 1147 1774 factasunt.

173 1821 234 1898 (tart
247 1828 387 1903 propter
408 1838 467 1884 nor
488 1822 636 1893 dominer
654 1827 689 1882 et
697 1826 837 1900 propter
857 1820 1148 1881 manamauutem

226 1935 230 1939 ¹
255 1907 423 1970 descendit
440 1907 482 1970 de
503 1909 609 1969 coetis.

173 2026 216 2090 Et
229 2031 417 2090 cacarmtaa
439 2031 491 2088 eat
508 2025 550 2088 de
571 2025 697 2106 Spiritu
718 2030 839 2103 ranem,
862 2041 906 2086 ec
928 2024 1034 2086 Mario
1052 2025 1147 2101 circi·

254 2129 304 2192 nc,
326 2119 361 2175 et
378 2113 471 2174 nano
489 2113 601 2191 foetur
618 2118 675 2174 cst.

172 2230 473 2397 Crurttticuaepuelqtom
493 2249 556 2378 gro
577 2231 669 2294 nodt'e
689 2231 748 2292 aad
769 2230 883 2293 Pontto
895 2229 1006 2307 Priotc,
1023 2244 1147 2308 portua

253 2335 273 2379 c
306 2335 324 2379 a
411 2336 449 2379 ur
471 2336 528 2380 cr.

167 2437 212 2502 iit
240 2437 429 2499 recurrerit
458 2440 555 2499 tertia
587 2436 641 2497 die
672 2434 846 2497 secondum
880 2434 1086 2513 Scripturas,
1116 2439 1151 2494 et

222 2546 230 2557 ¹
253 2523 454 2585 carendum
476 2524 605 2599 coetum,
638 2521 732 2583 aeder
750 2521 795 2582 cd
813 2520 982 2581 decurom
1005 2520 1123 2582 Patris.

168 2641 211 2706 Et
230 2647 347 2706 iterum
363 2646 517 2704 venturus
531 2646 598 2719 ,ert
615 2658 686 2703 cum
699 2630 701 2637 ’
710 2641 819 2718 clorio
840 2639 986 2701 iudicare
1007 2644 1093 2701 otooc
1116 2644 1151 2699 ct

252 2733 405 2805 mortuos
427 2731 518 2790 cutus
535 2730 630 2805 raoni
649 2743 714 2789 non
736 2728 802 2788 erit
817 2725 902 2803 dote.

149 2895 153 2901 -
167 2847 212 2912 Et
225 2852 260 2911 tn
272 2848 431 2928 Spiritum
451 2853 598 2909 canotum
608 2846 779 2909 Dominum
801 2852 837 2908 et
854 2845 1071 2922 vivificantm,
1094 2846 1150 2925 qui

253 2952 299 2996 ec
316 2934 416 2996 Patre
437 2933 580 3012 Filioque
596 2930 755 3012 procedit.

174 3052 235 3129 (iret
261 3070 333 3115 cum
354 3053 456 3114 Patre
474 3058 508 3114 et
527 3053 608 3114 Filio
625 3044 724 3123 timui
743 3053 899 3114 tutaretur
917 3058 950 3114 ct
969 3047 1147 3127 conglorifi-

88 3147 101 3160 ·
196 3218 199 3223 ‚
253 3145 354 3219 catur,
376 3142 433 3218 qut
451 3140 575 3200 lactatur
595 3144 647 3199 eat
660 3154 726 3217 per
746 3138 933 3217 Prophetae.

168 3256 213 3321 Et
229 3273 338 3406 ungam
356 3236 513 3336 sanctam,
538 3256 734 3322 Cotdottcom
755 3264 789 3320 et
807 3257 1020 3337 Apostoltcmn
1040 3255 1147 3319 Eccle-

253 3361 273 3406 a

171 3460 332 3540 Confiteor
363 3480 462 3526 unum
483 3463 653 3544 Baptiamo
686 3468 720 3525 tn
753 3466 975 3526 remissionem
999 3467 1147 3541 peccato·

254 3566 335 3612 mm,
604 3588 607 3593 .

168 3666 214 3731 Et
229 3675 363 3817 offilo
380 3674 653 3816 ἵξῖἱιιννεοιίοηοω
666 3651 880 3746 'mammam
903 3674 937 3729 et
955 3669 1051 3730 citam
1073 3683 1147 3729 ocn-

342 3772 380 3816 ae
444 3802 450 3815 .

606 3873 714 3937 Arnen

234 4167 443 4254 ramus
474 4164 793 4371 napngplos
825 4105 1083 4252 sarracon¹
1122 4204 1125 4211 ·

243 4576 252 4597 θ
288 4520 293 4527 ·
340 4485 481 4552 Πιστεύω
503 4489 547 4561 εἰς
568 4485 619 4550 ἕνα
639 4483 716 4550 θεὸν
737 4484 972 4575 concupiscent.

258 4739 451 4830 Symbolum
478 4744 624 4808 breviter
653 4739 880 4826 complectitur
908 4743 1092 4809 doctrinam
1108 4746 1147 4811 io

169 4827 237 4895 Pro
259 4827 379 4894 heticis
396 4842 429 4894 et
440 4827 646 4914 apostolicis
664 4829 800 4912 scriptis
817 4830 968 4895 traditam
980 4831 1022 4894 de
1032 4850 1147 4896 essen·

169 4917 217 4982 tia
237 4852 313 4997 hat,
348 4916 391 4980 de
411 4914 583 4993 Personis,
618 4915 658 4979 de
693 4915 862 4980 creatione
889 4927 922 4978 et
944 4917 1146 4984 redemtione

236 5003 303 5066 eris
325 5001 470 5080 huumni,
487 5003 529 5066 de
550 4999 720 5065 beneficiis
742 4997 800 5064 lilii
821 4996 897 5079 Dei,
918 5000 960 5065 de
981 5000 1147 5084 Ecclesia,

170 5021 347 5156 ἵῃίιωοο
367 5087 500 5167 iudicio,
519 5097 553 5165 et
572 5087 727 5193 praemiis
748 5107 790 5152 ac
809 5088 928 5172 poenis
949 5091 1103 5154 aeternis

325 5222 472 5283 nunna.
487 5223 569 5267 om.
584 5223 648 5265 vor.
662 5222 748 5268 xxm.
775 5225 778 5229 ·

744 205 747 209 ’
795 133 852 258 tv.
875 183 1133 255 numanum
1162 177 1362 249 smenon
1383 174 1544 277 mcum.

2112 174 2179 241 21⁰

1284 364 1328 429 Ut
1359 375 1469 429 autem
1500 365 1638 447 primum
1667 376 1880 449 praeceptum
1903 362 2067 449 Decalogl
2090 363 2178 427 ordi·

1197 462 1250 517 tur
1272 452 1314 514 ab
1333 450 1500 536 agnitione
1522 448 1601 527 Dei,
1630 451 1676 513 ita
1698 451 1823 533 primus
1846 461 1879 513 et
1900 451 2101 534 praecipuus
2124 468 2177 513 ar·

1197 533 1320 601 ticulus
1353 537 1387 599 in
1409 531 1569 620 Syonbolo
1601 536 1819 600 concionatur
1840 536 1884 599 de
1906 555 1986 599 vera
2007 536 2179 621 agnitione

1196 622 1272 701 Dei,
1295 619 1426 706 qualem
1448 640 1487 684 se
1509 621 1542 683 in
1565 618 1718 685 Ecclesia
1746 620 1823 684 inde
1844 640 1950 705 usque
1973 641 1993 683 a
2015 621 2177 705 principio
2200 691 2202 696 ,

1197 709 1331 795 generis
1352 706 1484 772 hunrani
1508 703 1676 787 patefecit.

1281 844 1434 908 Necesse
1466 854 1519 906 est
1551 845 1635 907 enim
1659 842 1845 907 firmissime
1867 853 1981 906 tenere
2010 842 2097 906 hanc
2119 843 2177 907 do·

1197 931 1336 995 cuinam
1364 928 1458 1013 primi
1487 926 1679 1013 Praecepti,
1713 927 1958 992 Adfirmativam
1991 940 2026 992 et
2056 925 2178 993 Exclu·

1196 1017 1312 1080 sivam.
1357 1014 1419 1078 Hic
1443 1033 1560 1077 revera
1583 1029 1634 1077 est
1656 1012 1751 1077 Deus
1774 1015 1925 1081 conditor
1947 1011 2032 1077 coeli
2055 1025 2089 1077 et
2111 1025 2176 1078 ter·

1182 1114 1268 1178 ‘rae,·
1288 1112 1320 1163 et
1342 1100 1477 1185 generis
1499 1099 1648 1183 humani,
1682 1094 1740 1184 qul
1765 1120 1803 1163 se
1825 1098 1983 1182 patefecit
2003 1100 2036 1162 in
2060 1096 2177 1165 Eccle-

1196 1187 1248 1249 sia
1270 1185 1348 1249 dato
1371 1187 1474 1250 verbo
1493 1204 1555 1248 suo
1578 1206 1638 1267 per
1660 1183 1860 1275 Prophetae,
1890 1184 2007 1250 Filium
2030 1196 2063 1248 et
2086 1185 2177 1270 Apo·

1197 1268 1318 1347 stoios,
1342 1270 1384 1335 Et
1405 1270 1460 1333 hic
1478 1292 1579 1334 verus
1601 1269 1696 1335 Deus
1717 1272 1926 1334 invocandus
1950 1284 2013 1353 est,
2047 1284 2080 1335 et
2102 1269 2177 1336 diti·

1198 1357 1307 1443 gendo
1329 1376 1423 1420 inens
1446 1357 1478 1420 in
1501 1357 1712 1421 invocatione
1735 1356 1777 1420 ad
1799 1355 1888 1420 hunc
1909 1356 2036 1433 Deum,
2060 1358 2115 1441 qui
2138 1376 2176 1422 se

1196 1435 1364 1527 patefecit.
1409 1441 1555 1527 ideoque
1587 1442 1620 1512 in
1653 1444 1759 1526 primo
1811 1453 1965 1525 raecepto
1988 1444 2079 1506 initio
2101 1462 2177 1525 pro·

1197 1529 1329 1612 ponitur
1351 1526 1566 1592 adfirmative.
1596 1527 1669 1611 Ego
1688 1549 1761 1591 sum
1818 1529 1947 1610 cutinus
1970 1527 2065 1592 Deus
2088 1539 2179 1599 tuus.

1196 1614 1238 1677 Et
1255 1627 1290 1678 ut
1304 1614 1455 1698 agnosci,
1476 1634 1517 1676 ac
1538 1615 1580 1676 ab
1598 1611 1673 1677 aliis
1691 1615 1843 1678 ornaibus
1863 1614 2099 1679 commenticiis
2117 1635 2177 1681 nu·

1196 1700 1338 1764 minibus
1360 1699 1504 1764 discerni
1528 1700 1653 1782 possit,
1683 1700 1795 1763 addita
1819 1711 1870 1762 est
1896 1700 2087 1782 descriptio,
2110 1698 2177 1773 Qut

1198 1785 1346 1849 eduxite
1365 1786 1406 1848 de
1429 1799 1517 1848 terra
1530 1786 1683 1870 Aegypti.
1716 1783 1759 1847 Et
1780 1782 1923 1850 Deuti.
1945 1785 2049 1870 inquit
2070 1783 2178 1865 Deus,

1196 1892 1234 1935 se
1253 1872 1362 1935 onmia
1383 1867 1542 1933 miracula
1563 1871 1596 1933 in
1620 1871 1795 1934 eductione
1813 1890 1855 1934 ex
1866 1870 2022 1956 Aegypto
2035 1866 2172 1950 secisse,
2273 1872 2279 1878 '

1197 1969 1233 2021 ut
1254 1957 1400 2019 sciamus
1423 1954 1511 2017 hunc
1534 1954 1641 2019 Deum
1663 1954 1759 2021 huius
1782 1954 1905 2040 populi,
1938 1957 1994 2041 qui
2018 1968 2051 2019 ct
2073 1977 2174 2038 pecu·

1197 2039 1268 2105 liari
1292 2041 1423 2104 nondne
1444 2040 1566 2105 lehova
1588 2043 1731 2104 discerni
1751 2040 1854 2107 voluit
1875 2042 1917 2105 ab
1940 2039 2078 2105 aliarum
2096 2060 2175 2126 gen·

1198 2128 1277 2190 tium
1301 2122 1463 2204 cultibus,
1496 2145 1576 2191 vere
1597 2146 1676 2191 esse
1696 2123 1805 2191 Deum
1811 2173 1822 2204 ,
1851 2139 1885 2192 et
1912 2126 1998 2192 alios
2021 2129 2076 2213 qui
2102 2129 2175 2192 sine

1196 2210 1262 2275 hoc
1284 2213 1388 2278 verbo
1410 2213 1619 2290 invocantur,
1641 2233 1710 2277 non
1728 2232 1805 2277 esse
1826 2213 1921 2277 deos.

1282 2330 1443 2395 Deindeet
1461 2327 1645 2397 Exclusiva
1662 2333 1802 2410 additur,
1824 2333 1900 2395 Non
1923 2333 2062 2396 habebis
2085 2331 2171 2396 alios

1197 2417 1303 2495 Deos,
1335 2417 1392 2479 ubi
1425 2413 1599 2496 manifeste
1621 2416 1816 2502 prohibetur
1837 2419 2004 2482 invocatio
2028 2419 2173 2481 omnium

1186 2501 1335 2575 ,altorum
1354 2504 1410 2587 qui
1432 2504 1598 2586 linguntur
1621 2524 1698 2567 esse
1721 2506 1776 2581 dii,
1799 2514 1932 2587 praeter
1946 2501 2042 2566 hunc
2062 2522 2177 2567 verum

1198 2589 1303 2653 Deum
1327 2589 1359 2652 in
1382 2585 1537 2652 Ecclesia
1559 2585 1771 2672 patefactum.
2052 2597 2055 2607 '
2170 2591 2186 2605 ''

1282 2723 1376 2789 llaec
1396 2725 1487 2789 initio
1510 2727 1635 2790 moneri
1659 2727 1700 2789 de
1722 2726 1890 2809 agnitione
1912 2738 1945 2788 ct
1966 2726 2191 2795 invocatione.

1197 2808 1261 2874 Dei
1294 2828 1436 2875 necesse
1465 2823 1535 2889 est,
1569 2831 1612 2875 ne
1634 2812 1833 2875 misceamus
1855 2809 2051 2896 religioneS,
2085 2823 2118 2875 ct
2139 2820 2177 2875 ut

1198 2898 1344 2961 sciamus
1367 2895 1569 2960 voluntatem
1581 2895 1647 2960 Dei
1668 2917 1757 2975 esse,
1774 2908 1810 2960 ut
1831 2898 1882 2960 sic
1903 2900 2087 2974 invocetur,
2109 2897 2175 2961 sic·

1197 2995 1232 3046 ut
1255 3002 1293 3048 se
1316 2979 1484 3065 patefecit,
1507 2995 1539 3045 et
1561 2983 1820 3047 discernaturab
1843 2980 1917 3046 aliis
1937 2980 2191 3049 commenticiis.

1198 3069 1395 3144 trurrrinibus,
1417 3089 1458 3132 ac
1480 3078 1517 3130 ut
1539 3082 1664 3132 utentes
1687 3070 1720 3132 in
1737 3070 1949 3134 invocatione
1959 3068 2050 3133 hunc
2061 3080 2194 3137 verum..g
2290 3101 2297 3110 -

1197 3153 1305 3218 Deum
1340 3155 1538 3232 intueantur,
1562 3165 1596 3217 ut
1619 3175 1694 3218 mox
1717 3152 1988 3238 planius‘dicam.

1285 3290 1369 3356 Duo.
1384 3302 1461 3354 sum
1483 3302 1591 3356 autem
1614 3292 1793 3375 praecipua
1810 3291 1998 3355 discrimina
2020 3310 2123 3355 verae
2143 3299 2177 3355 et

1197 3375 1305 3442 falsae
1326 3377 1558 3454 invocationis,
1582 3377 1624 3440 de
1646 3378 1765 3460 quibus
1787 3375 1841 3440 hic
1863 3378 1895 3442 in
1908 3378 2069 3460 principio
2080 3377 2177 3461 Sym·

1198 3461 1264 3527 boli
1283 3461 1527 3527 corrrmonelieri
1550 3464 1718 3527 auditores
1741 3465 1881 3526 niaxime
1904 3463 2075 3541 convenit,
2098 3461 2176 3546 quie

1197 3550 1272 3614 ideo
1297 3550 1471 3613 traduntur,
1481 3544 1652 3632 Symbola,
1674 3559 1711 3612 ut
1732 3568 1831 3611 vetus
1844 3546 1938 3611 Deus
1959 3559 2176 3631 agnoscatur,

1196 3646 1230 3698 et
1252 3636 1459 3698 discernatur
1481 3653 1502 3696 a
1524 3634 1760 3697 commenticiis
1783 3634 1983 3710 numinibus,
2017 3643 2049 3696 et
2082 3641 2176 3697 recte

1195 3721 1377 3784 invocetur.
1445 3717 1598 3803 Suntque
1629 3717 1713 3782 haec
1746 3719 1934 3783 discrimina
1969 3719 2114 3802 quotidie
2142 3717 2189 3787 in.

1196 3807 1285 3871 omni
1314 3805 1522 3869 invocatione
1550 3816 1583 3867 et
1615 3805 1795 3890 gratiarum
1826 3806 1957 3871 actione
1985 3804 2173 3890 cogitanda.

1282 3973 1379 4039 Prius
1412 3974 1591 4039 discrimen
1613 3987 1667 4040 est
1687 3974 1730 4040 de
1751 3978 1898 4041 essentia
1918 3973 2001 4056 Dei,
2034 3973 2176 4042 alterum

1197 4064 1238 4128 de
1268 4059 1449 4128 voluntate.
1493 4060 1577 4126 Nam
1605 4063 1648 4127 de
1669 4063 1816 4138 essentia
1836 4059 1901 4127 Dei
1923 4077 2036 4128 errant
2058 4078 2176 4125 omnes

1195 4147 1339 4226 Ethnici‚
1362 4145 1758 4225 ludaeihlahomctistae,
1803 4149 1856 4213 uia
1872 4145 1989 4213 nolunt
2011 4147 2100 4212 huuc
2121 4165 2176 4209 es·

1197 4254 1235 4297 sc
1252 4233 1359 4297 Deum
1383 4235 1604 4312 conditorem,
1638 4237 1693 4320 qui
1716 4246 1768 4298 cst
1817 4246 1889 4299 ater
1913 4233 2045 4297 Domini
2067 4230 2175 4296 nostrl

1196 4320 1272 4384 lesu
1295 4318 1418 4384 Christi
1440 4318 1586 4383 crucifixi
1608 4339 1669 4402 pro
1692 4320 1802 4396 nobis,
1824 4331 1857 4382 et
1878 4319 2076 4383 resuscitati.
2108 4316 2174 4380 Ne·

1196 4418 1277 4492 gant
1310 4401 1452 4491 aliquem
1486 4425 1563 4469 esse
1595 4403 1699 4469 filium
1721 4404 1786 4468 Dei
1819 4405 1965 4490 genitum
1998 4423 2041 4467 ex
2062 4398 2173 4467 Patris

1197 4492 1354 4556 essentia.
1399 4491 1532 4576 Negant
1553 4491 1707 4575 Spiritum
1730 4502 1887 4553 sanctum‘
1901 4510 1923 4554 a
1944 4487 2044 4553 Patre
2072 4499 2104 4553 et
2121 4486 2175 4552 Fi·

1195 4575 1241 4643 lio
1273 4577 1466 4662 procedere.
1522 4576 1591 4640 lmo
1613 4585 1812 4640 execrantur
1836 4573 1927 4641 hunc
1957 4575 2174 4654 conditorem,

1197 4684 1294 4749 quem
1316 4682 1399 4728 vera
1419 4659 1573 4727 Ecclesia
1593 4662 1774 4746 praedicat.

1282 4833 1355 4899 Etsi
1386 4835 1486 4920 igitur
1517 4853 1638 4898 nomen
1670 4831 1734 4898 Dei
1761 4832 1915 4911 retinent,
1951 4844 1984 4898 et
2005 4828 2062 4913 alii
2083 4828 2174 4896 allud

1197 4918 1327 5006 lingunt
1357 4940 1435 4986 essa
1462 4917 1581 4991 Deam,
1615 4931 1724 4984 tamen
1754 4939 1775 4984 a
1807 4938 1888 4985 vero
1909 4918 1984 4984 Deo
2005 4919 2174 4994 aberrant,

1198 5009 1285 5072 sicut
1306 5005 1480 5072 manifeste
1497 5004 1649 5071 adfirmat
1671 5001 1787 5086 Filius,
1807 5004 1977 5091 inquiensz
2009 5003 2076 5077 Qui
2097 4997 2173 5066 Fili·

1196 5113 1252 5157 um
1268 5112 1338 5157 non
1357 5093 1470 5157 adiicit
1489 5089 1630 5171 honore,
1660 5111 1725 5159 nec
1745 5089 1879 5158 Patrem
1899 5089 2028 5157 honore
2049 5087 2173 5155 adficit.

1884 5278 1888 5285 Ι
1946 5211 2003 5262 ‚1⁴
