4628 5588
147 183 215 264 un
551 144 558 153 ’
784 185 896 256 rum.
920 166 1026 254 nun.
1047 184 1238 254 semera
1253 182 1536 283 boemanos„
1604 130 1608 135 ⁶
2104 190 2172 263 tes

207 389 317 503 Ergo
347 400 392 472 et
421 386 509 470 fieri
538 385 631 471 Lex
659 386 807 499 potesg
839 393 882 466 et
902 383 1013 467 bona·
1032 411 1132 495 ope.
1158 389 1297 530 lpqptes
1320 378 1354 442 in
1377 386 1446 442 tota
1467 376 1691 482 poenitentip,
1704 394 1767 442 sau
1788 378 2029 483 conversique.
2045 381 2171 487 etquid

1243 475 1349 542 erent,
1383 460 1459 528 sola
1480 463 1563 529 Fide
1583 475 1747 548 accipitur
1768 463 2007 531 reconcrhetto.
2051 465 2170 553 Sequa·

268 541 313 594 1⁹8
343 520 552 595 merentur
581 507 710 600 Vifflm
741 517 979 591 aeternam·
1117 582 1129 606 ι
1184 564 1239 615 tur
1258 562 1371 615 autom
1392 570 1481 615 nova
1503 549 1703 629 obedientia,
1736 552 1816 635 quia
1836 551 1879 617 ad
1902 549 1968 616 boc
1989 552 2101 637 ipsum
2121 554 2170 621 vl·

1185 635 1367 716 vilicamur,
1391 657 1434 702 ne
1455 657 1648 703 nmaeamus
1669 636 1702 700 in
1725 650 1866 720 peccato
1884 650 1919 704 et
1938 651 2047 704 mone
2063 650 2170 707 eeter-

235 693 440 780 Respondeo
463 694 619 757 breviter.
680 688 789 756 Serva
810 676 978 766 mandatu,
1003 685 1134 752 scilicet
1183 744 1245 788 nm
1267 724 1330 787 sed
1352 723 1513 810 dmm
1534 724 1640 788 ,imus
1662 720 1786 808 templ,
1808 723 1885 791 Del,

151 779 405 867 complectendo
428 776 522 844 Evan
549 775 662 856 elium,
694 776 779 842 Nam
802 774 956 841 Christus
980 786 1031 838 est
1055 774 1132 838 linis

149 868 265 957 Legis.
309 869 361 933 Ac
383 886 516 951 semper
525 800 703 951 legalibus
726 862 824 928 dictis
847 875 996 927 necesse
1012 872 1063 924 est
1074 861 1132 925 ed·

48 970 52 977 '
151 957 234 1023 dere'
254 975 371 1022 vocem
403 949 589 1039 Evangelii,
624 951 713 1036 quod
737 951 836 1014 docet
869 946 962 1013 Fide'
983 948 1132 1011 reconci·
1183 981 1263 1066 Dap

14 1112 23 1123 ,
148 1039 221 1108 llari
254 1040 436 1117 bominem,
469 1052 503 1105 et
525 1036 624 1104 simul
646 1036 796 1103 inchoari
825 1055 947 1100 novam
977 1035 1133 1097 obedien·

149 1131 239 1209 tiam,
261 1149 336 1193 cum
356 1126 461 1191 Filius
482 1124 547 1190 Dei
570 1121 717 1189 vivificat
739 1142 816 1200 cor,
838 1123 954 1187 dicens
978 1117 1132 1186 consola·

150 1216 273 1281 tionem
294 1234 390 1279 xvoce
423 1208 617 1297 Evangelii,
653 1224 685 1274 et
707 1210 763 1273 dat
785 1208 943 1294 Spiritum
966 1220 1131 1283 sanctum,

151 1303 207 1388 qui
229 1297 316 1366 tales
339 1310 448 1363 motus
470 1298 634 1376 accendit,
667 1292 775 1382 qualis
799 1296 872 1381 ipse
895 1306 959 1372 est,
993 1291 1133 1357 ethaeo

26 1434 31 1447 ι
150 1408 240 1453 nova
274 1384 463 1451 obedientia
495 1385 622 1449 etiamsi
655 1379 809 1467 languida
846 1393 879 1446 et
911 1381 1039 1446 iolinna
1069 1391 1132 1456 est,

173 1471 264 1538 lacet
294 1483 432 1558 propter
463 1469 700 1548 btedtatorem,
735 1480 769 1533 ut
802 1467 897 1533 Rom.
930 1467 964 1532 8.-
997 1466 1132 1530 dicitur:

149 1495 252 1626 ltalia
273 1579 363 1623 nunc
386 1556 618 1622 condemnatio
640 1569 693 1620 est
714 1553 779 1634 bis,
801 1554 905 1642 quiin
930 1551 1063 1618 Christo
1087 1551 1134 1614 le-

1269 893 1332 960 Est
1364 905 1398 960 et
1428 893 1494 960 alie
1522 891 1698 980 splendida
1730 893 1856 962 solutio
1887 916 1950 962 seu
1978 901 2169 983 responsio.

1264 979 1318 1047 lex
1351 993 1402 1046 est
1435 979 1620 1054 absolutio,
1648 977 1768 1047 Altera
1788 985 1920 1068 privata
1942 985 2170 1050 conscientiae

1182 1065 1339 1133 luctantis
1363 1090 1438 1134 cnm
1459 1070 1509 1133 ira
1526 1067 1602 1134 Dei.
1646 1067 1683 1132 ln
1705 1066 1771 1134 bac
1792 1066 2004 1136 absolutione
2026 1091 2170 1138 necesse

1184 1165 1237 1219 est
1257 1152 1411 1242 intelligi,
1436 1155 1541 1243 gratis
1572 1155 1637 1220 lide
1665 1156 1773 1240 accipi
1794 1157 2025 1222 remissionem
2047 1178 2169 1244 pecca·
2300 1185 2305 1195 ·

1183 1253 1292 1306 torum
1315 1254 1451 1326 propter
1474 1243 1700 1307 blediatorem.
1746 1241 1825 1306 ldeo
1843 1241 1897 1307 bic
1919 1245 2038 1330 inquit:
2068 1244 2169 1309 Fides

1183 1339 1241 1394 tua
1262 1325 1390 1393 salvam
1412 1340 1445 1392 te
1467 1326 1557 1394 lecit.
1624 1326 1697 1393 Nec
1718 1329 1863 1394 existere
1885 1327 2022 1396 dilectio
2041 1342 2169 1416 potest,

1183 1416 1249 1480 nisi
1269 1416 1314 1479 sit
1325 1416 1548 1500 apprehensa
1570 1414 1724 1480 remissio
1746 1417 1821 1480 ista.
1999 1435 2007 1448 ·

1272 1584 1389 1653 Altero
1419 1584 1587 1653 absolutio
1622 1597 1674 1653 est
1702 1584 1837 1671 publica
1866 1608 1980 1653 corum
2001 1586 2170 1669 Ecclesia,

1183 1675 1217 1739 in
1239 1675 1304 1741 hac
1328 1675 1477 1758 conspici
1502 1693 1643 1738 necesse
1660 1685 1714 1738 est
1725 1676 1768 1739 ub
1785 1671 1860 1740 eliis
1882 1675 2070 1741 testimonia
2088 1696 2170 1741 con·

1184 1762 1360 1839 versionis,
1383 1773 1419 1827 ut
1439 1759 1495 1825 bic
1517 1758 1671 1826 Christus
1701 1761 1846 1825 ostendit
1868 1760 2074 1839 Pharisaeo,
2108 1781 2171 1827 cur

1185 1869 1259 1913 eam
1288 1849 1435 1932 recipiat,
1470 1847 1548 1933 quia
1582 1859 1696 1937 extent
1728 1848 1828 1934 signa
1860 1848 2107 1926 conversionis,
2136 1857 2171 1915 et

1184 1935 1317 2021 quidem
1338 1935 1397 2000 illa
1419 1954 1522 2017 opera
1545 1934 1672 2013 recitat,
1720 1954 1836 1998 uorum
1859 1935 2026 1999 contraria
2048 1954 2170 2018 pecca·

1186 2034 1222 2086 ta
1252 2032 1332 2087 sunt
1363 2024 1396 2088 in
1427 2019 1620 2086 Pharisaeo.
1678 1955 1779 2086 llaec
1800 2016 1917 2085 mulier
1939 2021 2094 2107 agnoscit
2115 2041 2170 2088 me

1185 2128 1266 2173 vere
1288 2129 1366 2175 esse
1388 2108 1557 2185 Messium,
1580 2128 1601 2171 a
1622 2129 1676 2173 me
1697 2107 1778 2191 petit
1799 2117 1832 2171 et
1854 2107 1975 2192 accipit
2003 2108 2171 2173 remissio·

151 2261 206 2316 tar
228 2250 397 2339 inquiens:
429 2246 536 2313 lllilita
568 2251 692 2313 bonam
714 2246 861 2312 militiam
883 2247 1013 2311 habens
1036 2243 1136 2311 tidem
1184 2190 2173 2365 gfflnssasst0:2⁰3ssgil:angxgnhengguffiegfflflguglsttnb?

151 2347 185 2403 ‘t
205 2336 327 2442 ΜΨ
350 2335 600 2440 ⁰⁰⁰⁸⁰i⁰¹¹¹⁵ff¹¹l⁰
644 2333 1002 2439 Hl1n⁰l¹⁰¹¹⁸⁰q¹¹ilm⁹
1030 2331 1135 2397 hm
1185 2365 1307 2433 nefacit
1339 2368 1498 2432 ministris
1583 2363 1718 2445 elesiae,
1750 2379 1787 2432 tu
1819 2372 1935 2431 contre
1969 2378 2077 2432 tumes
2105 2365 2174 2432 bao

151 2443 227 2491 Μ
249 2420 447 2488 ”mmm
467 2420 552 2527 ngr
574 2441 623 2486 '¹¹'
639 2421 704 2527 ¹¹3⁰
726 2433 813 2528 'fla’
843 2421 904 2485 ⁵⁰¹¹
927 2439 977 2484 ⁸¹⁰
999 2414 1134 2537 Plfleoe
1186 2452 1273 2519 falsu
1295 2456 1524 2539 persuasione,
1546 2455 1635 2538 quod
1654 2455 1761 2518 iustus
1784 2454 1832 2518 sis
1856 2449 2053 2538 disciplina,
2073 2473 2172 2520 secu·

151 2507 244 2590 Deo,
264 2530 340 2574 cum
360 2507 463 2573 habet
484 2508 598 2574 bidem
620 2521 654 2573 et
672 2508 949 2574 rustrttambonae
962 2526 1134 2571 conscien·
1184 2562 1244 2607 ms
1266 2562 1334 2606 non
1356 2542 1526 2628 agnum-s¹
1539 2541 1619 2607 imm
1632 2539 1695 2606 Dei
1717 2540 1883 2607 adversm
1903 2541 2094 2607 interiorem
2110 2541 2172 2605 ξω,

151 2597 229 2662 ttae.
273 2595 345 2661 Nec
367 2597 518 2681 sequitur
541 2597 629 2660 bona
650 2615 754 2681 opera
776 2613 854 2660 esse
874 2594 1024 2659 meritum
1047 2595 1135 2658 vitae

399 2683 406 2697 .
727 2684 730 2690 ,
856 2682 865 2698 .
971 2680 1013 2699 ..
1185 2629 1387 2694 munditiem.
1452 2627 1584 2692 Deinde
1601 2647 1669 2692 non
1691 2627 1854 2713 agnoscis
1875 2647 1928 2693 me
1950 2646 2029 2693 esse
2050 2625 2172 2692 Messi·

149 2695 320 2762 ΝΟΜ
352 2703 430 2768 ‘¹⁰¹³
452 2682 537 2767 fides
558 2679 760 2767 p¹³⁰¹⁰⁰⁰¹¹⁵
781 2692 886 2767 sm
908 2693 1030 2770 ”ww
1057 2699 1134 2784 Pr‘l'
1185 2737 1257 2781 am:
1280 2736 1346 2780 nou
1368 2715 1455 2801 petis
1477 2736 1497 2778 a
1518 2733 1572 2778 me
1595 2714 1835 2779 remissionem.
1880 2713 1973 2778 llaec
2001 2725 2072 2778 tota
2094 2734 2173 2778 nar·

150 2782 225 2921 [ΞΜ
241 2769 459 2835 mediawoem
480 2771 709 2886 ‘effsssmfn
729 2780 955 2853 pmwmm’
983 2787 1135 2834 ¹⁰⁰⁰¹¹⁰¹‘
1158 2782 1272 2893 'ratio
1293 2801 1411 2866 recitat
1429 2802 1527 2887 signa
1550 2798 1637 2865 fidei.
1704 2800 1827 2864 Posset
1849 2801 1857 2864 i
1885 2800 1949 2864 itur
1973 2801 2173 2865 brevissime

177 2857 320 2922 ΝΟΜ]
342 2869 375 2921 ⁰³
391 2857 628 2922 h⁸⁰f⁰d¹fflt⁰¹¹¹
649 2869 738 2922 vm
759 2866 926 2920 aeternae·
1186 2890 1262 2968 dici,
1285 2889 1446 2952 nominari
1469 2888 1567 2972 signa
1589 2885 1667 2953 fidei
1688 2909 1749 2973 pro
1768 2889 1841 2972 ipsa
1858 2821 1942 2951 doe:
1964 2893 2052 2952 sicut
2070 2887 2104 2951 in
2117 2906 2172 2951 ea·

1154 2986 1164 3149 Ι
1185 2977 1262 3041 dem
1284 2975 1473 3040 narratione
1485 2971 1642 3040 lacrimae
1653 2974 1864 3039 nominantur
1879 2992 1942 3059 pro
1960 2974 2171 3039 contritione.

151 1665 194 1712 su
213 1641 393 1710 ambulant.
437 1642 486 1707 lte
507 1639 726 1729 Evangelium
747 1653 801 1707 est
822 1638 1012 1706 dulcissima
1040 1644 1133 1702 tunt-

151 1756 218 1796 κεια
238 1730 355 1816 Legis,
379 1731 505 1795 docens
528 1727 664 1814 placere
686 1729 719 1793 in
742 1728 931 1805 conversis,
954 1746 1030 1791 cum
1052 1724 1133 1789 Fide

151 1815 357 1884 reconciliati
379 1828 471 1896 sunt,
492 1816 679 1881 inchoatam
692 1815 924 1893 obedientiam,
945 1833 1134 1898 quenquam

151 1903 290 1970 baereat
313 1900 424 1968 adbuc
442 1904 490 1972 ,in
507 1903 605 1967 nobis
627 1904 739 1988 magni
762 1902 869 1966 morbi
891 1901 1079 1977 interiores,
1100 1910 1134 1963 et

151 1986 257 2058 multa
288 1990 441 2055 incendia
468 2010 647 2074 pravorum
680 1988 873 2064 affectuum,
906 1988 996 2052 sicut
1030 1986 1135 2072 iuquit

151 2073 323 2143 Psalmusz
347 2077 414 2142 Pro
437 2087 489 2142 ter
510 2097 632 2141 nomen
655 2087 746 2140 tuum
768 2074 912 2139 Domine
935 2074 1134 2158 propitiabe-

151 2165 200 2230 ris
221 2152 373 2248 peccato.
448 2175 461 2226 t
483 2160 609 2228 Paulus
633 2164 675 2227 de
697 2160 761 2225 hac
783 2169 928 2250 ἐπιείκειᾳ
956 2163 1135 2224 concione·

608 3179 682 3246 Xll.

311 3327 453 3423 ’Lucae
473 3352 506 3418 ⁷.
529 3354 572 3419 de
593 3349 730 3421 muliere
751 3352 956 3437 peccatrice:
1628 3296 1716 3366 xm·

208 3530 488 3631 Remittuntur
517 3533 556 3615 ei
586 3543 753 3644 peccate
773 3531 913 3636 multa,
944 3530 1041 3642 quia

268 3653 383 3743 lexit,
398 3652 583 3738 multum.

208 3773 316 3886 Ergo
347 3787 513 3887 propter
543 3774 802 3861 dilectionem
831 3773 881 3857 fit
910 3773 1101 3859 remissio.

1069 3529 1133 3614 di·
1187 3476 1191 3483 ’
1246 3474 1354 3562 Cum
1385 3477 1540 3563 dictum
1571 3479 1640 3562 sit:
1671 3477 1845 3615 Delicta
1859 3476 1949 3587 quis
1969 3477 2170 3590 intelligit,

1307 3600 1443 3737 Nemo
1494 3612 1632 3713 potest
1686 3628 1823 3682 omnm
1873 3628 1948 3684 sua
1998 3611 2171 3712 peccota

1243 3750 1562 3954 Ergilrpldssibile
1584 3850 1648 3924 est
1674 3840 1883 3925 hominem
1908 3841 2062 3925 hebere
2093 3840 2171 3925 de·

234 3956 451 4064 Respondes·
493 3955 648 4024 Christus
671 3955 847 4061 manifeste
866 3958 1077 4062 nominetibi
1099 3969 1133 4023 et
1303 3964 1443 4047 fictum
1474 3963 1662 4074 ignotum
1691 3974 1857 4075 propter
1887 3964 1999 4075 quod
2030 3963 2170 4076 dispfi,
2296 4004 2300 4009 .

149 4040 264 4112 Fidem
286 4059 319 4111 et
341 4042 562 4112 dilectionem.
592 4042 676 4110 Cum
694 4058 804 4110 autem
827 4044 912 4108 lrdes
934 4057 1131 4123 nommetur,

77 4114 90 4139 ⁹
148 4130 334 4217 excluditur
354 4137 513 4199 meritum·
558 4130 644 4204 Quia
666 4129 750 4196 fides
772 4141 898 4196 tantum
927 4133 1040 4196 nititur
1060 4097 1164 4196 Μο-Ι
1303 4097 1396 4167 ceat
1424 4084 1527 4167 ΒΕΘ·
1572 4081 1727 4186 'Quare
1757 4112 1842 4167 ³⁰¹¹
1872 4095 1935 4169 est
1959 4082 2169 4172 affiman'
2251 4192 2256 4200 .

149 4220 288 4301 dicture,
320 4231 355 4299 et
386 4217 509 4305 accipit
539 4219 740 4303 promissam
772 4217 1031 4284 misericordiam
1054 4237 1130 4303 pro·
1302 4206 1403 4289 dum
1433 4204 1546 4316 quod
1577 4205 1736 4317 placeat
1765 4203 1868 4288 Deo.

149 4319 225 4394 pter
247 4328 332 4372 eum.
377 4304 472 4377 Haec
493 4304 674 4392 responsio
691 4312 749 4370 est
769 4301 910 4390 simplex
932 4317 966 4373 et
984 4305 1056 4371 sine
1068 4303 1131 4371 So·

147 4392 302 4477 phistica.
362 4400 366 4405 ’
441 4404 443 4409 ·
1270 4386 1483 4475 Respondeo.
1526 4387 1623 4476 Nego
1637 4389 1921 4476 consequentiam,
1943 4399 1978 4454 et
1998 4388 2082 4454 ratio
2101 4399 2169 4470 est,
2281 4407 2284 4411 ’

1182 4477 1260 4564 qula
1292 4474 1481 4541 firmissime
1510 4475 1683 4541 retinenda
1706 4487 1759 4540 est
1780 4473 1912 4562 regula:
1947 4474 2064 4541 Omnis
2086 4495 2169 4542 con-

236 4560 336 4629 Curi
362 4565 427 4630 itur
449 4576 483 4630 et
505 4560 715 4630 dilectionem
738 4560 908 4628 nominet?
929 4559 1131 4647 Respondeo
1182 4583 1303 4630 versus
1325 4563 1368 4628 ed
1390 4559 1499 4627 Deum
1522 4574 1614 4627 recte
1635 4561 2043 4640 tenens'sundamentum,
2067 4563 2169 4629 debet

150 4646 248 4714 etiam
270 4587 526 4736 simpllicissimc,
547 4652 668 4717 usitate
680 4648 901 4737 synecdoche
922 4664 986 4732 est,
1010 4649 1131 4715 Pcmit·
1183 4652 1321 4715 credore
1342 4670 1381 4714 se
1404 4645 1541 4735 placere
1556 4649 1642 4728 Deo,
1665 4662 1698 4714 et
1718 4648 1859 4717 becfide
1880 4649 2050 4729 invocare,
2074 4650 2168 4735 quod

150 4745 264 4801 tantur
296 4738 326 4801 ei
354 4735 469 4817 molta,
503 4739 581 4825 quia
616 4758 782 4802 converse
804 4749 869 4816 est,
898 4749 935 4802 ut
955 4735 1076 4801 Esaiae
1100 4736 1130 4800 l.
1205 4749 1320 4822 ropter
1341 4734 1556 4801 Mediatorem
1578 4733 1711 4820 placeat
1736 4749 1771 4802 et
1793 4736 2004 4816 exaudiatur,
2037 4736 2167 4802 etiarnsi

151 4821 287 4887 dicitur:
321 4820 461 4889 Auferte
493 4824 616 4891 melum
651 4825 889 4912 cogitationum
926 4834 1129 4890 vestrarumt
1180 4759 1281 4888 llabet
1304 4820 1427 4888 delicta
1445 4825 1663 4909 ignorantiae,
1685 4825 1773 4890 siout
1794 4824 1827 4887 ln
1850 4823 2004 4889 omnibus
2026 4824 2166 4889 homini·

150 4904 331 4979 stmemn
363 4922 504 4993 peecata
538 4922 652 4978 vestra
674 4923 711 4976 ut
733 4910 917 4989 coccinum,
939 4910 1029 4975 eritis
1052 4932 1129 4976 can·
1181 4913 1246 4977 bus
1269 4931 1393 4996 magne
1415 4908 1532 4975 haeret
1552 4909 1737 4977 infirmitas.
1787 4896 1842 4975 Kc
1862 4922 2043 4995 propterea
2064 4911 2166 4977 tradi·

149 4995 217 5062 didi
238 4998 326 5061 sicut
347 4998 415 5060 nin.
458 4995 501 5061 Et
522 4997 708 5064 Hieremiae
728 4997 761 5065 3.
806 4994 1044 5063 convertimini
1071 4993 1128 5062 titii
1181 5008 1235 5062 tur
1267 4997 1420 5070 doctrina
1453 4999 1495 5062 de
1518 4998 1714 5063 remissione
1734 5008 1872 5086 propter
1899 4996 2035 5076 Filium,
2072 4997 2165 5063 loxta

11 5124 16 5135 ·
147 5095 356 5175 revertentes
390 5093 423 5147 et
453 5086 584 5150 saaebo
616 5104 713 5151 vos..
755 5080 910 5172 Denique
930 5085 1053 5150 usitata
1075 5095 1129 5148 est
1181 5085 1286 5175 dicta:
1315 5082 1411 5150 Beati
1444 5103 1585 5171 quorum
1616 5095 1696 5150 sunt
1717 5083 1878 5149 remissae
1900 5084 2110 5173 iniquitatem
2131 5093 2166 5151 et

121 5164 232 5234 ,baec
251 5167 488 5256 synecdoche.
531 5169 657 5237 'l'amen
678 5171 852 5240 sciendum
868 5181 931 5252 est,
952 5190 1040 5259 quae
1061 5171 1128 5236 sint
1149 5149 1158 5249 l
1179 5192 1321 5259 quorum
1341 5181 1432 5239 tecto
1453 5182 1532 5238 sont
1551 5170 1710 5256 peccdta,
1741 5172 1820 5258 qnia
1840 5171 1997 5238 innubis
2017 5190 2087 5238 aon
2106 5180 2185 5239 eet·
