4628 5588
165 148 248 245 ἰω
734 242 737 247 ,
897 156 952 226 ιι.
973 155 1487 227 caracenam-abanan.
1719 168 1743 233 0,
2130 160 2211 227 mo

140 362 146 371 '
172 348 220 418 ni
239 346 447 434 parentibus,
468 344 639 426 iratribus,
656 344 782 418 liberis.
803 357 861 413 aut
871 345 947 412 aliia
956 347 1162 433 propinquis,
1214 346 1376 412 mendicis
1408 366 1477 412 non
1504 358 1557 412 est
1588 366 1674 431 opus
1695 345 1822 431 largiri.
1866 347 1920 412 Αο
1940 347 2118 413 videndum
2140 352 2197 415 eat

182 437 260 523 qula
280 437 315 499 in
336 434 456 499 dandis
479 432 704 520 eleemosynis
725 435 864 582 primum
882 434 1163 498 estbabendara·
1185 375 1192 528 l
1214 433 1247 497 in
1269 429 1509 519 eleemosynis,
1541 453 1597 498 ne*
1612 435 1680 498 sint
1701 429 1912 517 profistooes
1934 433 1978 498 ad
1999 436 2193 500 ostentatio·

179 524 229 588 tio
252 522 524 606 propinquorum,
545 522 633 585 sicut
655 519 723 584 Pau
739 541 780 585 us
807 521 911 605 inquit
931 522 973 585 ad
995 519 1163 584 'limotlra-
1188 534 1192 545 ·
1214 538 1288 583 ιιειιι
1312 531 1537 602 comparatae,
1560 520 1620 583 scd
1644 521 1836 585 necessitati
1858 517 1998 584 aliorum
2012 518 2193 586 consulant

180 630 250 675 nme
268 607 410 672 Discunt
420 609 559 693 primam
572 626 732 671 exercere
742 607 895 690 pietatem
903 624 984 692 arga
995 608 1162 689 propriam
1213 616 1352 689 proptor
1371 606 1560 671 mandatum
1582 604 1659 670 Dei.
1704 605 1796 670 Haeo
1816 605 2030 671 vera·oslicia
2047 610 2192 671 severis·

180 693 350 772 familiam,
373 706 407 759 et
427 695 535 759 vicem
557 693 697 757 reddere
717 693 923 778 parentibus.
967 695 1015 757 ita
1036 693 1065 755 si
1087 692 1162 776 quis
1213 692 1297 756 sime
1314 702 1491 775 praccepta
1512 703 1600 768 sunt,
1622 705 1655 756 et
1676 692 1801 757 babent
1822 693 2039 777 gravissimas
2059 694 2193 759 commi-
2255 764 2265 786 ι

180 800 277 860 suos,
309 791 343 844 et
363 780 506 844 maxima
528 780 751 858 domesticos,
784 798 851 843 non
875 789 985 856 curet,
1018 777 1163 841 deterior
1215 779 1366 841 nationes
1388 789 1422 841 et
1443 779 1692 859 promissiones,
1713 779 1800 842 sicut
1822 780 1867 842 ait
1885 777 2055 843 Christus:
2079 776 2193 843 Esuri-

84 920 93 937 .
151 879 233 933 ·est
253 861 390 937 inlideli,
412 868 489 951 quia
511 865 664 950 cognatis
686 861 862 949 dupliciter
884 861 1162 949 obligatisumus,
1213 863 1258 940 vi,
1280 875 1313 927 et
1335 883 1401 926 non
1425 862 1657 927 dedistismihi
1681 865 1799 927 cibum.
1844 864 2005 928 Proverb.
2028 864 2082 930 il.
2128 864 2193 938 Qui

182 965 216 1018 at
246 949 390 1017 naturali
423 955 638 1040 φιλοστοργίᾳ,
669 963 703 1015 et
724 961 863 1035 propter
883 946 963 1013 illud
989 968 1162 1013 commune
1214 949 1347 1013 obturat
1369 967 1468 1011 aures
1491 948 1532 1012 ad
1557 946 1734 1012 clamorem
1756 952 1931 1033 pauperis,
1954 951 2101 1015 vicissim
2125 948 2192 1015 cla·

180 1050 395 1122 praeceptum
430 1037 471 1100 de
504 1037 657 1099 iuvandis
687 1036 874 1121 egentibus.
919 1035 1029 1119 Saepe
1052 1045 1162 1097 autern
1214 1035 1315 1098 mabit
1326 1045 1359 1096 et
1369 1034 1453 1117 ipse,
1465 1044 1498 1096 et
1510 1054 1575 1096 non
1588 1035 1788 1098 exaudietur.
1819 1038 1897 1101 item
1909 1034 2067 1101 EsaitiS.
2090 1036 2192 1101 Fran·

180 1124 291 1188 existit
307 1118 469 1187 naturalis
497 1125 707 1206 φιλοσιοργία,
729 1123 828 1186 etiam
850 1120 884 1185 iu
906 1122 1031 1206 ignaris
1053 1119 1162 1185 Evan-
1217 1118 1257 1181 'e
1290 1120 1448 1183 esurienti
1481 1138 1600 1201 paoem
1632 1132 1723 1184 tuum
1755 1132 1819 1186 etc.
1849 1133 1927 1187 tunc
1950 1123 2137 1202 invocabis,
2159 1132 2193 1187 et

181 1207 270 1296 gelli.
1248 1207 1377 1270 ominus
1400 1205 1562 1269 exaudiat.

266 1377 412 1442 Tertium
434 1398 542 1463 genus
565 1388 616 1442 est
637 1379 753 1442 iuvare
773 1374 923 1456 alienos,
969 1396 1030 1441 uos
1050 1387 1163 1440 tamen
1913 1386 1921 1417 ι

179 1482 342 1551 praeseus
364 1464 503 1535 occasio
524 1465 622 1528 nobis
646 1464 870 1542 commendat,
904 1396 1051 1539 sollicet,
1084 1461 1161 1546 quia
1311 1537 1321 1553 .
1611 1537 1620 1554 .
1677 1538 1686 1554 .
1787 1537 1796 1554 ⁶
2114 1510 2118 1519 .

179 1551 355 1616 nobiscum
387 1551 514 1627 vivunt,
542 1563 576 1614 ct
608 1551 753 1634 impediti
785 1546 976 1614 valetudine
1009 1558 1066 1611 aut
1088 1482 1192 1611 aliisl
1274 1537 1442 1619 Licetne
1473 1534 1708 1620 Chrlsllanls
1738 1550 1798 1619 uti
1829 1537 2131 1621 contractibus?

179 1637 269 1701 veris
292 1632 557 1712 difficultatibus
590 1656 658 1699 non
679 1646 822 1719 possunt
844 1638 916 1699 sine
937 1629 1046 1696 alieno
1069 1633 1161 1696 auxi·
2022 1676 2025 1681 .

180 1719 226 1786 lio
244 1722 369 1786 vivere.
414 1720 487 1783 llos
513 1731 665 1804 petentes
688 1740 754 1784 non
777 1721 891 1785 iuvare
912 1738 974 1802 pro
996 1719 1095 1781 modo
1113 1718 1162 1783 sa·

182 1805 341 1872 cultatum
365 1817 416 1870 est
437 1816 623 1890 peccatum,
641 1808 728 1869 sicut
753 1805 782 1868 1.
804 1804 916 1871 luban.
935 1803 967 1868 3.
989 1804 1160 1868 scribiturz
1277 1802 1382 1883 Licet,
1404 1806 1494 1869 iaxta
1515 1805 1670 1870 usitatam
1693 1802 1857 1890 regulamr
1880 1803 2190 1891 Evangeliumnon

181 1892 247 1966 Qui
269 1891 370 1956 habet
391 1889 584 1969 facultates,
606 1892 749 1956 stridet
770 1888 905 1954 sratre'm
929 1910 1025 1954 suurn
1049 1909 1161 1974 egere,
1212 1887 1325 1956 abolet
1358 1891 1582 1955 ordinationes
1616 1888 1769 1972 politicas
1791 1901 1848 1954 ant
1870 1894 2124 1970 oeconomicas,
2158 1902 2191 1957 et

181 1990 214 2043 et
238 1975 363 2042 claudit
383 1979 516 2042 viscera
538 1997 601 2041 sua
623 1979 666 2040 ab
688 1996 742 2053 eo,
760 1977 927 2081 quomodo
940 1973 1086 2038 charitas
1097 1974 1161 2037 Dei
1212 1977 1344 2062 quidem
1363 1978 1436 2040 iura
1453 1988 1591 2041 naturae
1613 1997 1678 2040 uon
1699 1975 1823 2039 abolet.
1868 1979 1955 2040 Sunt
1976 1988 2087 2050 autem
2110 1998 2191 2043 con·

180 2075 291 2128 manet
312 2065 345 2126 in
368 2062 431 2127 eol
476 2062 523 2126 lta
545 2074 579 2128 et
600 2061 654 2126 lex
675 2061 792 2136 bloisr,
815 2082 890 2125 cum
911 2062 1091 2145 praecipit,
1125 2071 1162 2125 nt
1212 2075 1339 2126 nactus
1358 2063 1442 2126 iuris
1463 2076 1613 2138 naturae,
1637 2063 1712 2145 quia
1733 2064 1801 2126 vita
1822 2059 1965 2126 bumana
1983 2060 2082 2127 habet
2104 2082 2191 2146 opus

179 2147 335 2234 singulae
347 2151 501 2213 civitates
524 2168 606 2213 suos
628 2166 756 2235 egenos
767 2159 971 2224 sustentent,
992 2145 1161 2232 significat
1212 2159 1323 2211 mutua
1357 2148 1672 2224 communicatione,
1706 2166 1793 2231 quae
1825 2145 1861 2210 lit
1893 2169 1953 2231 per
1987 2162 2191 2214 contractus.

179 2236 413 2319 praesentibus
436 2233 515 2299 talia
539 2234 699 2299 beneficia
721 2235 846 2298 deberi.
874 2233 959 2297 Nam
982 2235 1015 2296 in
1039 2232 1161 2296 Deute-
1212 2231 1326 2304 Quare
1349 2236 1435 2297 sciat
1457 2231 1667 2297 Cluistianus
1692 2244 1887 2297 contractus
1910 2252 1988 2296 esse
2011 2235 2191 2298 ordinatio·

72 2375 79 2391 ,
179 2323 332 2385 ronomio
356 2341 430 2404 cap.
458 2320 508 2384 15.
530 2321 721 2385 nominatim
744 2319 779 2385 lit
801 2317 1081 2397 mentioillorum,
1105 2321 1160 2403 qui
1212 2338 1288 2383 nem
1312 2317 1387 2397 Dei,
1411 2320 1497 2383 sicut
1519 2316 1603 2382 alias
1626 2315 1779 2403 politicas
1803 2319 2048 2396 ordinationeS,
2078 2341 2190 2405 quem-

179 2408 355 2472 nobiscum
377 2406 536 2470 habitant.
559 2409 613 2471 Sic
635 2407 721 2471 enim
741 2406 846 2491 iuquit
866 2416 995 2471 textus:
1020 2404 1055 2470 Si
1073 2424 1160 2468 unias
1183 2398 1189 2491 Ι
1212 2405 1390 2468 adrandum
1412 2419 1446 2470 et
1463 2402 1621 2468 Salomon
1646 2406 1740 2467 dixit:
1778 2402 1880 2467 Libra
1902 2416 1935 2468 et
1957 2405 2090 2489 pondus
2111 2408 2193 2471 iudi·

181 2493 224 2556 de
245 2491 404 2556 fratribus
433 2492 498 2555 tuis
522 2494 576 2575 qui
598 2504 747 2556 moratur
772 2495 859 2555 intra
880 2503 997 2576 portas
1018 2492 1160 2555 civitatis
1213 2491 1265 2554 cia
1287 2491 1419 2555 Domini
1441 2504 1530 2568 sunt,
1553 2491 1586 2553 id
1609 2501 1674 2567 est,
1696 2510 1751 2553 res
1774 2489 1879 2553 aDeo
1897 2493 1985 2554 iusto
2008 2492 2188 2557 ordinatae.

179 2588 267 2655 tuae,
290 2579 323 2640 in
346 2589 447 2655 terra,
470 2598 566 2662 quana
584 2577 751 2642 Dominus
772 2575 868 2641 Deus
891 2591 968 2641 tuus
987 2579 1045 2641 tibi
1068 2577 1160 2642 datu·
1212 2576 1280 2640 Sed
1309 2578 1342 2640 in
1365 2578 1479 2660 primis
1502 2576 1692 2641 consideret
1714 2574 1922 2640 Christianus
1944 2575 2043 2640 linem
2061 2575 2190 2643 illarum

179 2682 238 2728 rus
261 2675 324 2741 est,
347 2663 389 2727 ad
410 2674 637 2746 paupertatem
660 2665 817 2728 redactus
839 2660 949 2741 suerit,
972 2683 1038 2727 nou
1056 2663 1160 2727 obdu·
1212 2662 1452 2726 ordinationum
1484 2658 1708 2746 principalem.
1752 2660 1848 2725 Deus
1882 2664 1968 2726 enim
1996 2663 2081 2726 lracc
2104 2666 2191 2729 dona

178 2750 270 2812 rabis
294 2769 353 2812 cor
375 2760 466 2812 tunm
488 2760 552 2812 etc.
596 2747 640 2813 Et
663 2751 797 2813 deinde:
818 2748 894 2813 Non
917 2750 1058 2814 deerant
1079 2770 1160 2834 pau·
1182 2718 1188 2854 Ι
1212 2750 1377 2812 ordinavit
1399 2750 1441 2811 ad
1465 2746 1552 2812 hunc
1568 2747 1691 2825 linem,
1721 2759 1758 2812 ut
1777 2768 1840 2832 per
1862 2769 1902 2813 ea
1919 2760 2063 2813 mutuam
2086 2749 2190 2815 chari·
2239 2760 2247 2785 ¹

178 2854 277 2917 peres
299 2836 333 2897 in
356 2844 447 2897 terra
468 2835 680 2900 habitationis
702 2847 788 2899 tuae.
832 2834 961 2899 idcirco
983 2856 1047 2921 ego
1066 2856 1160 2919 prae·
1211 2845 1310 2899 tatem
1328 2853 1554 2898 exerceamus.

180 2921 266 3004 cipio
288 2920 365 2997 tibi,
394 2930 430 2983 ut
452 2922 584 3004 aperias
608 2941 739 2984 manum
767 2914 993 3006 fratri'egenti
1023 2934 1057 2985 et
1080 2942 1160 3003 pao·

202 3007 260 3084 eri,
284 3006 338 3091 qai
357 3015 466 3070 tecum
490 3005 617 3070 habitat
640 3007 672 3068 iu
696 3020 795 3069 terra.
830 3006 1008 3071 Constituit
1030 3006 1159 3071 etPau·
1299 3004 1412 3078 Quare
1432 3003 1644 3070 Christianus
1665 3004 1698 3068 in
1731 3004 1797 3069 lide
1816 3017 1928 3070 utetur
1949 3007 2214 3087 contractibus·

177 3026 231 3154 lus
265 3092 397 3155 modum
425 3089 671 3176 elecmosynis,
691 3090 724 3153 2.
749 3089 898 3155 Coriotlr.
919 3092 952 3157 8.
976 3106 1011 3156 ut
1029 3095 1074 3156 ita
1094 3091 1159 3157 lar·
1211 3103 1367 3176 tanquam
1390 3091 1572 3170 donoDei,
1592 3105 1626 3159 ct
1646 3092 1731 3156 sciet
1753 3093 1805 3155 his
1829 3088 1948 3156 officiis
1970 3093 2191 3157 exercendam

179 3177 323 3262 giamur,
345 3197 388 3241 ne
409 3180 508 3241 nobis
531 3179 573 3239 sit
596 3174 787 3254 tribulatio,
808 3174 882 3241 aliis
904 3178 1076 3255 remissio,
1099 3180 1159 3243 sed
1210 3198 1287 3242 esse
1321 3176 1514 3243 charitatem
1549 3199 1629 3264 erga
1662 3180 1857 3262 proximum.
1902 3177 2014 3251 Quare
2043 3200 2111 3243 noa
2134 3178 2190 3243 dc·
2224 3222 2227 3229 -

176 3259 479 3348 utexaequalitato
494 3283 557 3344 pro
568 3263 737 3346 praesenti
754 3263 944 3340 occasione,
964 3283 1006 3326 ex
1018 3284 1059 3326 eo
1071 3265 1159 3348 quod
1210 3260 1376 3328 fraudabit
1405 3265 1586 3349 proximum
1620 3285 1680 3349 per
1707 3277 1916 3348 praetextum
1949 3276 2190 3341 contractuum,

177 3350 278 3412 nobis
301 3359 467 3432 superest,
490 3346 685 3413 consulatur
705 3345 989 3434 illornminopiae.
1011 3348 1158 3413 lliccum
1212 3370 1274 3413 nec
1307 3362 1414 3414 struet
1444 3372 1505 3434 per
1527 3363 1719 3416 contractas
1741 3352 1877 3414 insidias
1900 3352 2062 3434 proximo.
2103 3348 2205 3423 Qua·‚
2296 3422 2302 3437 ι

176 3436 367 3498 nominatim
390 3435 489 3513 dicat,
511 3455 553 3499 ex
575 3455 617 3498 eo
640 3435 729 3517 qnod
753 3448 918 3518 superest,
939 3431 1021 3512 vult,
1041 3446 1079 3498 ut
1095 3432 1160 3498 lar·
1210 3447 1310 3501 tenus
1330 3449 1440 3501 antem
1458 3439 1614 3501 utendum
1633 3440 1677 3501 sit
1699 3437 1943 3513 contractibus,
1971 3447 2004 3498 et
2025 3448 2190 3520 quatenus

178 3521 305 3606 giamm
326 3522 369 3584 de
390 3517 554 3585 fructibus
575 3521 775 3605 patrimonii,
805 3540 869 3583 nec
890 3516 977 3583 tollit
1000 3521 1159 3584 discrimi·
1210 3517 1305 3585 lucra
1324 3544 1489 3587 concessa
1510 3525 1578 3586 sint
1599 3525 1631 3586 in
1655 3525 1891 3600 contractibus,
1915 3519 2010 3606 leges
2033 3519 2190 3606 politicae

175 3627 219 3675 na
241 3607 376 3671 divitum
399 3616 432 3669 et
447 3626 640 3690 pauperum.
663 3606 739 3670 Non
763 3608 849 3670 enim
871 3603 956 3670 tollit
979 3606 1160 3671 distinctio-
1209 3606 1437 3672 consulendae
1458 3623 1546 3685 sunt,
1579 3610 1654 3691 quia
1677 3607 1883 3672 Christianus
1908 3618 2019 3690 potest
2041 3609 2087 3670 uti
2109 3605 2190 3694 legi-

175 3712 250 3757 nem
273 3693 560 3777 dominiorum‚·et
581 3691 733 3777 politicas
755 3693 991 3756 ordinationes..
1025 3691 1108 3755 Nam
1127 3707 1160 3758 et
1209 3694 1272 3756 bus
1295 3691 1461 3771 edulibus,
1484 3705 1518 3757 et
1540 3694 1714 3757 videndum
1733 3706 1797 3773 est,
1817 3696 1848 3757 in
1871 3696 1992 3779 quibus
2014 3694 2190 3758 contracti·
2226 3684 2231 3703 '

175 3777 278 3861 paulo
295 3789 371 3842 ante
392 3775 564 3862 praelatus
587 3790 651 3859 est,
674 3798 713 3843 se
734 3779 778 3842 de
799 3775 988 3843 voluntaria
1010 3774 1157 3843 collatio·
1209 3780 1273 3842 bus
1291 3776 1385 3864 loges
1408 3780 1592 3842 concedant
1614 3776 1719 3854 lucra,
1742 3792 1776 3843 et
1797 3782 1996 3865 approbent,
2017 3781 2190 3866 inquibus

176 3884 221 3929 ne
240 3861 343 3950 loqui,
366 3882 433 3927 non
455 3866 619 3948 imperare
640 3875 677 3930 ut
698 3865 875 3943 discedant
896 3861 1157 3929 asacultatibus.
1208 3885 1274 3927 non
1298 3866 1494 3949 approbent,
1515 3879 1552 3928 ut
1574 3867 1606 3927 in
1628 3866 1816 3929 venditione
1839 3877 1872 3929 et
1893 3864 2059 3931 locatione
2081 3886 2190 3931 rerum

175 3948 267 4035 Ergo
300 3948 485 4034 aequalitas
518 3949 733 4036 intelligenda
755 3962 808 4015 est
830 3971 897 4014 non
927 3950 1157 4029 Aritlrmetica‚
1208 3946 1261 4013 vel
1296 3971 1470 4034 operarum
1504 3952 1682 4015 mediocria
1714 3951 1810 4017 lucra
1838 3953 2077 4016 conceduntur.
2122 3951 2189 4014 Aut

175 4038 237 4101 aad
261 4034 484 4115 Geometrica‚
517 4038 639 4115 idest,
671 4047 707 4101 at
744 4038 873 4101 ratione
895 4036 977 4102 liant
998 4037 1157 4121 aequales
1208 4037 1294 4099 enim
1329 4033 1451 4112 officia,
1484 4051 1541 4101 aut
1568 4057 1625 4101 ros
1658 4058 1720 4104 seu
1751 4057 1872 4123 operae
1896 4025 2187 4101 courrmnica'ntur.

176 4122 295 4187 divites
319 4132 353 4185 et
375 4123 509 4206 inopes,
538 4120 712 4201 videlicet,
746 4133 784 4187 ut
809 4141 877 4208 quo
900 4125 1041 4208 quisqne
1062 4125 1158 4188 ditior
1208 4120 1254 4186 Ut
1275 4133 1384 4185 autom
1408 4124 1516 4204 possit
1535 4142 1612 4187 esse
1638 4136 1797 4208 perpetua
1827 4123 2098 4199 conmrunicatio,
2132 4140 2188 4185 ne·

174 4219 239 4286 est,
260 4226 304 4272 eo
326 4208 369 4271 stt
392 4206 574 4272 liberalior.
618 4212 711 4290 itam,
727 4220 765 4273 nt
786 4210 907 4274 divites
930 4211 1072 4293 benigne
1093 4207 1170 4273 lar··
1208 4227 1306 4272 cesse
1328 4218 1380 4270 est
1401 4205 1488 4272 effici
1506 4205 1679 4293 aequalem
1702 4211 2016 4292 coorpensationem.
2047 4208 2080 4272 Si
2102 4206 2188 4275 enim
2299 4214 2304 4227 ”

176 4295 325 4380 giantar,
357 4295 478 4379 inopes
499 4312 581 4358 vcro
601 4314 669 4359 non
687 4299 867 4359 abutantur
887 4291 995 4359 aliena
1017 4293 1158 4361 liberali·
1207 4314 1274 4357 una
1305 4314 1386 4377 pars
1420 4305 1543 4357 tantam
1577 4294 1683 4373 daret,
1716 4294 1821 4359 altera
1855 4306 1983 4358 tantum
2007 4292 2187 4375 acciperet,

174 4390 255 4458 tate,
274 4398 335 4445 nec
358 4391 491 4443 utantur
508 4376 618 4443 alieno
638 4381 704 4443 nisi
726 4383 759 4444 in
777 4382 990 4458 necessitate,
1011 4401 1078 4444 non
1101 4400 1158 4445 ex·
1207 4398 1273 4442 non
1308 4400 1386 4443 esse
1412 4393 1571 4463 perpetua
1593 4381 1854 4444 communicatio.
1900 4379 1977 4442 ideo
2002 4374 2097 4462 leges
2119 4395 2186 4442 non

174 4462 329 4529 hauriant
361 4463 502 4529 aliorum
531 4466 728 4548 patrimonia
749 4477 811 4532 etc.
856 4466 940 4531 Nam
963 4466 1157 4530 mendicitas
1208 4462 1325 4529 volant
1347 4462 1457 4529 officia
1479 4467 1580 4528 rebus
1599 4468 1827 4550 compensari,
1856 4463 1918 4528 sed
1941 4461 2077 4539 ciliciis,
2109 4464 2187 4548 qula

175 4570 263 4636 quaa
284 4571 352 4616 non
373 4549 475 4616 babet
495 4548 701 4636 probabilem
724 4572 873 4631 causam,
895 4562 949 4617 est
970 4566 1157 4636 peccatura,
1207 4570 1262 4616 ras
1296 4546 1432 4614 alterius
1509 4552 1568 4613 rtis
1601 4548 1872 4628 exbaunrentur,
1895 4562 1929 4613 et
1950 4551 2022 4612 iura
2044 4546 2186 4613 naturali

104 4650 105 4655 ’
175 4648 209 4701 ει
230 4632 308 4702 ιἰιιιί
330 4639 477 4720 species,
498 4639 586 4702 sic'ut
607 4637 634 4699 l.
656 4635 777 4702 'l'lresa
798 4641 833 4716 t,
855 4638 991 4704 dicitur:
1025 4637 1157 4702 Adbor·
1205 4638 1368 4721 quaedam
1391 4570 1506 4700 nliiclrl
1524 4635 1676 4701 bomines
1699 4638 1819 4702 debent
1840 4633 2055 4713 hominibus,
2071 4630 2186 4700 vidcli·

174 4731 286 4788 mmur
300 4743 366 4788 vos
387 4721 525 4801 fratres,
559 4734 596 4788 ut
618 4724 780 4787 studeatis
803 4743 881 4788 esse
903 4722 1091 4809 tranquilli,
1122 4735 1158 4788 et
1205 4734 1261 4787 cet
1282 4742 1369 4809 quaa
1391 4724 1488 4788 nobis
1510 4742 1577 4786 non
1595 4734 1729 4800 nocent,
1751 4736 1784 4787 et
1805 4720 2185 4787 aliis-necessarlaaant.

175 4827 272 4874 saum
319 4810 437 4895 uisque
458 4807 605 4875 cilicium
627 4809 739 4885 laudat,
756 4820 790 4872 et
811 4806 940 4875 laboret
963 4812 1034 4875 suis
1056 4810 1156 4874 manl-
1205 4807 1291 4874 Sunt
1313 4810 1414 4891 initur
1442 4808 1638 4897 gratuitico
1663 4820 1790 4875 tractus
1810 4809 1972 4874 mutuatio
1996 4819 2030 4871 et
2051 4804 2183 4890 deponi·

175 4893 250 4959 bna.
293 4829 338 4960 lt
365 4896 399 4960 2.
421 4895 540 4961 Tbess.
562 4894 594 4960 3.
638 4894 678 4959 Si
705 4896 780 4980 quis
802 4915 870 4959 non
894 4892 965 4960 vult
987 4893 1156 4975 laborare,
1205 4906 1285 4987 tam.
1320 4895 1450 4975 Rursus
1466 4897 1522 4962 nbi
1539 4832 1802 4981 medopam
1818 4894 2113 4970 communicantur,
2129 4910 2188 4956 ua·

174 4998 244 5045 nou
265 4985 428 5048 comedat.
463 4983 556 5060 itan,
579 4979 980 5068 liccam-tranquillitate
1001 4978 1156 5047 bantan-
1205 5000 1305 5047 cassa
1337 4994 1393 5047 eat
1422 4984 1524 5047 rebus
1558 4978 1610 5046 vel
1641 4983 1756 5066 operis
1777 4982 1849 5048 lieri
1871 4979 2185 5065 compematioaara.

151 5076 242 5146 ¹tea,
271 5068 444 5154 propriam
475 5087 595 5153 panem
617 5067 814 5135 aomadma·
850 5065 996 5133 -Talibua
1022 5069 1170 5155 ignatia-
1204 5066 1287 5134 ideo
1314 5069 1352 5133 ia
1369 5069 1536 5150 emptione
1551 5063 1615 5134 ual
1639 5066 1806 5135 locatione
1827 5068 1924 5137 lucra
1944 5066 2185 5132 concedantur.

663 5174 680 5207 Ο
888 5184 892 5206 t
1985 5182 2029 5236 n·
