4628 5588
31 198 49 225 '
157 206 223 279 eor
426 156 435 194 ³
524 230 528 240 ·
644 177 652 185 ”
686 201 742 268 rx,
786 167 1039 268 anwrarro
1063 194 1282 265 rensuum
1304 188 1488 262 coenan·
1508 195 1679 263 nonmr.
2107 196 2175 265 ms

159 343 230 468 lere
250 397 373 477 Deum,
395 411 430 463 et
451 413 639 482 agnoscere
659 412 701 460 ac
722 394 875 479 acciptare
897 389 1060 458 beneficia
1082 408 1143 473 per
1163 386 1168 415 ¹
1194 383 1244 473 Cy
1268 389 1408 464 nanum,
1425 396 1462 452 ut
1482 382 1541 467 lib.
1562 386 1594 452 2.
1616 386 1722 472 Epist
1744 386 1777 452 3.
1799 386 1857 452 ubl
1882 388 2002 473 lnquit:
2035 387 2073 452 ln
2095 385 2174 455 cali·

158 485 277 554 Filium
295 483 361 550 Dei
383 479 539 550 exhibita.
582 480 636 547 De
656 478 724 546 boc
746 479 904 544 exercitio
925 477 1001 542 fidei
1023 478 1057 540 in
1079 495 1143 542 usu
1195 492 1235 539 ee
1291 472 1434 538 ominico
1457 472 1710 554 sanctificando,
1733 486 1766 539 et
1783 469 1873 559 plebi
1894 475 2152 547 ministrando..

137 571 365 641 'sacramenti
385 566 469 635 nihil
489 568 603 633 dicunt
623 566 798 652 Papistae,
823 565 889 630 imo
910 565 1039 629 abusus
1060 560 1142 626 Mis·

159 679 275 726 sarum
296 674 439 743 prorsus
462 655 570 721 obruit
591 651 681 718 hauc
702 653 887 717 doctrinam
915 649 1142 715 necessariam
1280 643 1503 730 Hieronymus
1525 645 1559 711 in
1581 643 1787 730 sophoniam
1809 666 1883 732 cap.
1901 644 1933 711 3.
1956 644 2173 728 Sacer-dora,
2289 720 2296 727 ,

161 743 397 822 conscientiis,
421 739 489 808 Sed
510 742 553 806 de
574 738 640 804 line
662 737 869 804 sacramenti
891 737 1014 801 dictum
1036 745 1089 798 est
1110 735 1142 800 iu
1193 731 1251 816 qui
1281 728 1512 797 Eucharistiae
1542 734 1711 811 serviunt,
1746 742 1779 798 et
1813 733 2009 820 sanguinem
2042 731 2175 818 populis

159 829 238 898 loco
260 831 304 895 de
325 827 443 894 illisas.
465 825 655 893 Redeamus
678 826 779 911 igitur
799 824 844 889 ad
865 823 973 908 ipsam
995 839 1142 887 ceremo-
1194 816 1266 883 eius
1288 817 1437 883 dividunt
1464 828 1529 885 etc.
1575 816 1660 883 Nam
1694 829 1828 885 caetera
1860 839 1947 905 quae
1979 833 2175 906 sequutum,

160 918 260 996 niam,
293 937 336 982 ac
359 914 575 980 ostendamus
596 910 695 977 usum
716 910 837 998 integri
859 908 1070 975 Sacramenti
1091 925 1143 972 rs-
1193 898 1276 969 nihil
1296 904 1340 969 ad
1361 900 1450 970 hanc
1471 923 1540 972 rem
1555 904 1733 988 pertinent.

159 1000 361 1070 stituendum
382 1018 472 1067 esse.
2164 998 2169 1003 ⁵

1281 1073 1317 1140 ln
1339 1073 1518 1161 Tripartita
1534 1075 1674 1142 historia
1694 1073 1752 1142 lib.
1775 1075 1807 1143 e.
1829 1079 1949 1144 dicitur
1969 1080 2011 1144 ad
2023 1077 2175 1146 Theode·

1195 1165 1297 1231 sium:
1341 1161 1518 1238 Quomodo
1552 1163 1697 1228 cruentis
1730 1164 1885 1229 manibus
1918 1166 2064 1249 accipies
2098 1186 2175 1233 ss}

1166 1274 1169 1280 ·
1195 1263 1282 1316 ctum
1303 1247 1438 1314 Domini
1461 1247 1607 1334 corpus?
1636 1248 1710 1323 Qua
1732 1252 1933 1331 temeritato,
1955 1271 2016 1317 ore
2037 1252 2175 1338 tuo‘po·

474 1327 823 1414 confirmationes.
1196 1333 1306 1403 culum
1329 1337 1502 1422 sanguinis
1524 1337 1665 1420 pretiosi
1686 1336 1863 1422 percipies,
1887 1359 1962 1404 cum
1984 1336 2109 1404 tanturn
2126 1340 2175 1405 in·

1194 1424 1272 1488 iusti
1294 1422 1467 1509 sanguinis
1489 1417 1637 1487 fuderis?

247 1598 330 1668 Cum
353 1610 586 1665 testamentum
607 1592 998 1664 hominisn'emomutare
1011 1592 1143 1675 debeat,
1281 1593 1318 1659 ln
1351 1592 1509 1659 Decretis
1543 1592 1585 1658 de
1618 1597 1882 1673 consecratione,
1915 1597 1992 1662 dist.
2026 1598 2057 1662 2.
2088 1609 2176 1663 extat

159 1685 394 1756 multominus
416 1695 649 1752 testamentum
681 1682 746 1750 Dei
779 1684 970 1750 mutandum
1003 1693 1075 1762 est,
1107 1691 1144 1748 ut
1194 1678 1312 1745 Canon
1330 1677 1471 1759 Gelasii,
1493 1680 1549 1766 qui
1571 1679 1724 1764 prohibet
1746 1680 1942 1747 divisionem
1954 1681 2174 1753 sacramenta

115 1762 122 1776 ’
159 1768 284 1841 Paulus
305 1772 411 1877 inquit
431 1773 476 1837 ad
498 1767 655 1837 Galatas:
698 1767 815 1836 Coena
836 1766 969 1835 Domini
992 1779 1046 1833 est
1065 1789 1142 1854 pro·
1165 1721 1171 1860 1
1193 1764 1308 1832 Verba
1327 1765 1413 1831 haec
1434 1776 1525 1831 suot:
1549 1763 1778 1852 Comperimus
1800 1779 1922 1845 autem,
1942 1770 2176 1871 guodquidam

159 1861 266 1947 prium
286 1880 366 1925 novt
387 1857 576 1924 testamenti
587 1855 848 1937 Sacramentum,
866 1866 903 1921 ut
919 1851 1072 1920 Christus
1095 1856 1144 1919 in·
1194 1864 1304 1919 sumta
1324 1853 1551 1918 tantummodo
1576 1854 1729 1937 corporis
1751 1856 1841 1920 sacri
1864 1867 2032 1939 pontone,
2053 1877 2074 1920 a
2096 1852 2175 1925 culi·

182 1947 246 2013 uit:
291 1944 353 2009 llic
376 1955 429 2009 est
451 1943 538 2008 calix
562 1945 642 2009 novi
662 1941 869 2007 testamenti:
912 1937 1004 2027 Ergo
1022 1941 1144 2007 nemini
1192 1959 1234 2004 ce
1255 1940 1381 2005 sacrati
1402 1942 1533 2004 cruoris
1555 1941 1764 2019 abstineant,
1797 1941 1853 2026 qui
1882 1955 1939 2006 aut
1960 1941 2093 2028 lstegn
2114 1944 2176 2010 Sa·

159 2029 238 2098 lucet
260 2041 316 2097 aut
336 2027 429 2096 licuit
450 2028 539 2095 banc
561 2030 804 2096 ordinationem
825 2040 965 2106 mutare,
987 2039 1046 2094 aut
1067 2048 1143 2114 par-
1193 2035 1363 2090 crementa
1393 2026 1594 2110 percipiant,
1637 2039 1695 2091 aut
1726 2028 1770 2093 ab
1802 2028 1942 2113 integris
1974 2029 2176 2109 abstineant,

161 2133 226 2186 tem
247 2113 395 2184 abolere·
1193 2114 1270 2197 qnia
1292 2111 1410 2177 divisio
1434 2112 1532 2176 unius
1554 2111 1703 2177 eiusdem
1724 2114 1874 2200 mysterii
1896 2115 1970 2180 sine
1992 2115 2110 2200 grandi
2122 2136 2175 2180 sa-

699 2208 701 2212 '
1192 2196 1332 2284 crilegio
1364 2217 1432 2262 non
1464 2209 1576 2281 potest
1607 2199 1772 2265 accidere.
1816 2199 1878 2265 llic
1901 2197 2019 2266 Canon
2041 2201 2175 2267 divisio·

245 2285 336 2353 Nihil
357 2286 441 2352 lirnri
464 2299 584 2353 contra
603 2285 670 2352 hoc
691 2296 918 2372 argumentum
938 2285 1003 2350 dici
1015 2290 1140 2369 potest:
1191 2305 1267 2350 nem
1289 2296 1391 2349 vocat
1411 2281 1636 2390 sacrilegium.
1678 2283 1826 2353 Eludant
1858 2300 1966 2351 autem
1993 2285 2063 2364 hoc
2083 2291 2176 2354 testi·

162 2371 299 2441 Constat
315 2373 399 2439 enim
411 2371 581 2440 Christum
602 2375 653 2440 sic
674 2371 858 2438 instituisse
880 2371 988 2450 ritum,
999 2384 1037 2437 ut
1049 2382 1142 2437 utan-
1190 2371 1336 2437 monium
1369 2371 1551 2435 adversarii
1584 2373 1764 2437 vanissima
1803 2370 2032 2440 cavillatione:
2072 2374 2176 2440 Aiunt

160 2471 214 2527 tur
245 2479 361 2526 omnes
396 2460 452 2545 pii,
486 2460 685 2527 Sacerdotes
706 2471 740 2525 et
761 2456 865 2534 Laici,
887 2467 1026 2543 utraque
1071 2469 1140 2524 arte
1191 2459 1278 2523 enim
1311 2467 1439 2522 tantum
1470 2456 1639 2540 pertinere
1671 2459 1715 2524 ad
1748 2469 2010 2539 consecrantes,
2042 2479 2111 2525 uon
2132 2460 2175 2526 ud
2277 2471 2281 2476 ’

104 2545 113 2560 ’
158 2542 375 2626 Sacramentl,
407 2547 486 2632 quia
507 2556 617 2612 textus
641 2546 683 2611 de
705 2541 814 2611 calice
831 2543 1022 2636 nominatim
1045 2479 1139 2610 lieu:
1189 2541 1309 2608 Meos.
1331 2541 1443 2616 Quod
1464 2543 1551 2608 eninr
1572 2542 1658 2609 baec
1680 2541 1847 2611 cavillatio
1871 2547 1921 2610 stt
1936 2548 2176 2627 cominantium,

155 2622 263 2697 Bibite
293 2650 334 2696 ea
367 2629 434 2697 hoc
455 2652 588 2698 ornnes.
632 2630 755 2697 Addita
778 2641 830 2694 est
850 2627 1070 2709 universalis,
1104 2643 1142 2696 nt
1191 2629 1268 2694 inde
1288 2626 1428 2715 intelligi
1450 2641 1579 2711 potest,
1632 2632 1666 2695 ui
1699 2642 1780 2696 tuno
1802 2633 1943 2697 durabat
1964 2653 2038 2698 mos
2061 2635 2175 2698 utendi

155 2715 302 2784 sciamus
330 2714 458 2782 nullum
489 2719 673 2783 membrum
695 2713 871 2782 Ecclesiae
904 2713 1048 2780 excludi.
1099 2714 1142 2780 Et
1191 2716 1320 2799 integro
1343 2715 1572 2782 Sacmmento.
1646 2726 1659 2780 t
1693 2736 1768 2781 cum
1790 2717 1846 2782 bic
1868 2719 1929 2782 ait:
1973 2717 2175 2799 arceantur,

155 2798 282 2869 Paulus
304 2801 428 2868 diserte
451 2804 546 2868 dicit:
578 2801 610 2866 Α
632 2800 776 2868 Domino
799 2801 915 2885 accepi
922 2845 934 2881 ,
960 2802 1052 2887 quod
1073 2813 1139 2866 tra·
1188 2799 1336 2886 loquitur
1358 2802 1400 2866 de
1421 2797 1529 2881 laicis,
1551 2814 1589 2868 ut
1609 2814 1807 2869 arcerentur
1827 2823 1888 2889 per
1908 2803 2079 2870 ministros
2098 2822 2175 2890 por·
2294 2888 2304 2896 .

157 2886 224 2954 didi
245 2889 357 2955 vobis.
413 2884 517 2954 lussit
539 2899 649 2955 antem
671 2898 774 2954 totam
794 2884 984 2952 Ecclesiam
1006 2887 1074 2952 inte
1100 2907 1138 2953 ro
1188 2887 1348 2974 rigentes.

155 2972 376 3041 Sacramento
399 2979 463 3060 uti,
496 2987 531 3042 ut
553 2985 624 3040 tota
644 2973 791 3041 narratio
812 2982 969 3039 testatur:
1013 2909 1140 3040 Prolret

156 3079 195 3127 ss
215 3061 325 3147 ipsum
347 3061 467 3141 bomo,
497 3073 535 3127 nt
566 3062 617 3127 sic
639 3061 682 3127 de
702 3061 769 3128 hoc
797 3080 883 3145 pane
911 3060 1000 3139 edat,
1032 3071 1066 3128 et
1097 3061 1140 3126 de
1276 3057 1376 3125 Extat
1403 3059 1502 3125 etin
1524 3061 1669 3145 quadam
1690 3057 1854 3127 Toletano
1877 3060 2016 3150 Synodo
2038 3060 2174 3131 manlie-

154 3142 222 3212 hoc
242 3143 365 3233 poculo
388 3148 489 3214 bibat.
519 3145 592 3212 Nec
614 3149 748 3215 dubium
766 3158 818 3212 est
834 3145 924 3212 hunc
944 3142 1049 3212 fuisse
1070 3166 1139 3211 mo·
1190 3159 1278 3212 stum
1300 3146 1533 3226 testimonium,
1556 3148 1647 3233 quod
1669 3148 1835 3227 ostendit,
1856 3147 1965 3215 laicos
1988 3161 2068 3217 tuuc
2089 3170 2173 3217 usos

154 3253 226 3299 rem
249 3231 403 3301 Graecae
436 3244 469 3299 et
491 3230 632 3300 Latinae
659 3231 836 3301 Ecclesiae
868 3229 979 3298 multis
1002 3229 1138 3313 seculis,
1191 3253 1269 3298 esse
1302 3231 1433 3319 integro
1455 3231 1684 3302 Sacramento.
1733 3233 1886 3302 Vidimus
1913 3237 1978 3322 ipsi
2010 3239 2045 3303 in
2078 3234 2173 3303 libris

155 3330 190 3386 et
205 3318 330 3386 indicia
351 3317 455 3386 multa
477 3332 566 3399 sunt,
586 3321 644 3387 vix
665 3331 744 3386 ante
755 3319 1018 3406 quadringentos
1029 3339 1137 3385 annos
1189 3316 1418 3385 Ecclesiamm
1440 3318 1650 3401 Gennaniea,
1678 3321 1839 3407 scriptum
1872 3336 2019 3389 veterem
2049 3342 2174 3389 morem
2209 3362 2214 3370 ·

154 3402 314 3472 abolitum
336 3427 434 3472 esser
468 3406 542 3473 Nec
559 3419 703 3484 constat,
724 3406 893 3492 quomodo
916 3417 972 3471 ant
993 3426 1060 3491 qua
1081 3426 1137 3482 au·
1161 3387 1166 3485 Ι
1189 3405 1380 3491 porrigendi
1402 3418 1608 3486 annotatum,
1632 3410 1688 3472 ubi
1711 3405 1802 3473 clare
1823 3405 2028 3488 affirmatur,
2049 3406 2173 3495 populo

154 3493 287 3559 toritate
320 3503 417 3560 vetus
451 3493 658 3559 consuetudo
692 3504 816 3579 mutata
849 3493 902 3557 sit.
951 3491 993 3556 Et
1027 3504 1137 3558 tamen
1190 3493 1302 3557 datum
1323 3512 1401 3557 esse
1421 3493 1585 3578 integrum
1608 3493 1871 3560 Sacramentum.
1901 3494 2062 3561 Audimus
2086 3510 2118 3561 et
2139 3497 2174 3562 io

156 3598 231 3645 uum
252 3577 325 3644 sine
348 3579 448 3645 certis
470 3581 664 3658 autoribus,
687 3589 803 3645 contra
825 3598 1022 3663 expressum
1044 3599 1137 3643 man·
1190 3575 1299 3643 Gallia
1321 3580 1510 3644 testimonia
1532 3578 1653 3645 similia
1670 3581 1816 3664 reperiri.
1859 3579 1904 3645 Et
1931 3584 2023 3648 aiunt
2047 3581 2173 3669 Regem

155 3664 269 3730 datum
289 3665 445 3746 divinum,
479 3678 513 3730 et
535 3662 844 3731 eontra-Ecclesiae
866 3666 990 3730 veteris
1012 3684 1138 3729 morem
1189 3661 1372 3729 Galliarum
1394 3664 1504 3732 adhuc
1525 3667 1668 3732 retinere
1691 3682 1838 3733 veterem
1860 3687 1998 3748 morem,
2020 3668 2086 3735 boc
2110 3679 2173 3748 eat,

154 3762 292 3835 recepta
315 3753 358 3816 sit
379 3772 468 3817 nova
491 3753 715 3830 consuetudo,
748 3749 936 3817 defenditur
957 3753 1041 3816 mira
1065 3771 1137 3834 per·
1188 3751 1320 3837 integro
1341 3755 1559 3820 sacramento
1581 3753 1638 3816 uti.
1683 3751 1828 3819 Citarem
1851 3768 1885 3820 et
1907 3753 2059 3820 Gmecos
2081 3766 2174 3821 auto·

155 3836 279 3902 tinacia
311 3849 344 3905 et
376 3836 571 3907 crudelitate
604 3839 830 3926 indignissima
863 3834 998 3903 lenitate
1018 3834 1137 3903 Eccle·
1188 3857 1257 3916 res,
1290 3838 1355 3903 nisi
1387 3859 1504 3905 omnes
1537 3840 1662 3904 scirent
1684 3838 1837 3905 Graecas
1858 3839 2033 3908 ecclesius
2062 3839 2173 3908 adhuc
2286 3879 2295 3887 -

155 3923 301 3989 siastica.
907 3950 910 3955 >
1187 3926 1351 4009 praebere
1373 3926 1540 4013 integrum
1556 3924 1808 3992 Sacramentum
1831 3925 1965 4013 populo.

1161 4138 1165 4217 Ι
1192 4107 1196 4118 “
1275 4093 1360 4161 Cum
1380 4097 1481 4184 igitur
1502 4110 1637 4162 constet
1658 4100 1699 4203 in·
1708 4096 1893 4185 Evangelio
1915 4100 1965 4164 sic
1986 4101 2170 4166 institutum

279 4252 530 4339 reumont,
562 4267 792 4338 ,unaarum
823 4256 1004 4340 pirrum.
1161 4181 1753 4356 ·tit,libitt'atiitiif
1764 4185 2172 4337 iiiiiiattiit

1160 4290 1279 4437 ihunc
1313 4377 1438 4420 morem
1472 4357 1527 4420 diu
1560 4356 1593 4420 in
1628 4370 1697 4420 tota
1719 4356 1872 4423 Ecclesia
1895 4370 2056 4422 retentum
2071 4378 2170 4437 ¹esse,

1160 4464 1165 4534 i
1189 4441 1272 4504 satis
1294 4441 1432 4525 adparet
1460 4443 1598 4528 eosqui
1621 4441 1861 4525 prohibuerunt
1882 4441 2021 4509 alteram
2044 4457 2171 4529 partem

163 4596 167 4601 ,
242 4519 430 4610 Cyprianus
452 4521 511 4589 lib.
537 4524 565 4590 l.
587 4522 694 4609 Epist.
716 4525 748 4589 2.
771 4524 827 4589 ubi
850 4524 891 4588 de
923 4519 1019 4617 laicis
1052 4544 1137 4589 mar·
1161 4539 1165 4628 j
1189 4525 1413 4607 Sacramenti,
1434 4540 1479 4592 -et
1499 4527 1756 4612 prohihitionem
1778 4529 1969 4606 defendunt,
1991 4551 2058 4596 non
2082 4548 2172 4597 recte

155 4611 284 4699 tyrihus
316 4607 480 4697 loquitur,
513 4612 633 4697 inquit:
676 4609 853 4684 Quomodo
887 4611 1047 4674 docemus
1080 4621 1136 4675 aut
1161 4644 1165 4665 ι
1188 4609 1310 4676 iacere.
1332 4611 1465 4679 Usitata
1486 4627 1539 4679 est
1560 4616 1593 4678 in
1621 4617 1790 4680 veteribus
1812 4614 2018 4683 Ductoribus
2040 4629 2172 4684 senten-

153 4713 377 4784 provocamus
400 4717 462 4762 eos
482 4698 516 4761 iu
539 4695 755 4764 confessione
776 4694 910 4775 Christi,
942 4697 1138 4784 sanguinem
1160 4670 1165 4764 i
1188 4697 1444 4777 tia,Ecclesiam
1466 4720 1530 4765 nec
1552 4702 1721 4767 nrateriam
1745 4722 1808 4767 nec
1828 4698 2171 4771 iormarnSacramen·

155 4802 251 4849 sunm
273 4780 438 4863 fundere,
461 4784 490 4848 si
513 4785 563 4849 eis
585 4781 773 4848 militaturis
791 4781 919 4847 Christi
942 4783 1138 4870 sanguinem
1188 4796 1297 4850 torum
1321 4799 1448 4851 mutare
1481 4807 1595 4871 posse.
1640 4790 1686 4853 At
1706 4787 1762 4853 hic
1782 4787 1893 4874 palam
1915 4801 1980 4869 est,
2002 4792 2170 4857 materiam

156 4871 385 4957 denegamus?
407 4871 476 4935 Aut
496 4871 665 4957 quomodo
682 4870 725 4934 ad
742 4869 889 4956 martyrii
900 4868 1055 4953 poculum
1067 4870 1138 4934 ido·
1188 4883 1344 4958 mutatam
1361 4870 1451 4937 esse.⁴
1612 4877 1622 4885 “
1888 4889 1890 4892 ’

154 4976 243 5024 neos
276 4954 428 5037 iacimus,
461 4957 490 5022 si
523 4976 591 5021 non
623 4976 684 5022 eos
716 4957 758 5021 ad
791 4956 968 5020 bibendum
990 4956 1082 5040 prius
1103 4955 1159 5020 iu

153 5040 310 5110 Ecclesia
341 5041 499 5130 populum
531 5040 689 5122 Domini,
725 5042 798 5106 iure
830 5042 1137 5107 communicationis
1273 5043 1319 5106 Su
1344 5063 1383 5110 ra
1415 5044 1555 5109 diximus
1587 5040 1674 5133 laedi
1696 5049 1882 5112 testamenti
1905 5044 2027 5113 Christi
2049 5053 2172 5117 sencti-

155 5129 378 5198 sdruittimusi
418 5128 462 5196 Et
489 5124 615 5196 similes
648 5127 717 5196 loci
747 5125 804 5195 ulii
834 5125 929 5195 multi
949 5141 1030 5194 sunt
1049 5128 1137 5214 apud
1159 5066 1165 5185 l
1188 5140 1300 5208 tatem,
1321 5064 1421 5196 lione
1440 5130 1560 5197 eddam
1582 5127 1722 5197 alteram
1743 5134 1914 5201 rationem.
