4628 5588
1875 92 1942 127 Ι
2001 102 2006 112 ι

64 119 71 133 ’
131 182 200 252 aaa
757 178 993 247 ernnaau
1008 178 1198 249 senuna
1212 108 1493 249 momanca
1684 150 1691 161 ’
2081 182 2149 251 mr

132 372 208 465 ligo
230 374 373 462 gosmbo
395 390 471 452 vos,
492 371 581 437 sicat
600 381 756 457 pastores
772 390 881 459 agnos
902 388 1024 438 reeens
1045 370 1114 438 edi·
1166 370 1241 436 sinn
1262 371 1391 437 aeterni
1401 370 1524 451 Patris,
1548 381 1584 438 et
1605 370 1819 439 credentibus
1839 371 1985 437 ostendit
2005 382 2147 458 patrem.

132 472 189 528 tos
204 462 239 528 in
261 460 388 551 gremio
410 477 474 524 auo
496 468 640 545 gestant.
1165 455 1356 523 lUS'l'i'l'ltl
1377 468 1441 537 est,
1473 459 1552 545 qnia
1586 469 1724 545 propter
1755 477 1832 523 eum
1852 459 1974 524 dantur
1993 459 2149 527 rernlsslo

1164 556 1379 628 peccatorum
1392 555 1426 609 et
1436 543 1674 625 reconciliatio,
1697 564 1764 649 qna
1781 564 1895 610 coram
1908 543 1983 610 Deo
1998 546 2087 625 insti,
2113 545 2149 612 irl

1163 640 1229 709 est,
1252 632 1381 715 accepti
1398 651 1524 736 sumus.
1563 631 1626 697 Est
1647 643 1680 698 et
1700 629 2048 710 bANC'llFlCtlTIO,
2069 631 2149 719 qula
2201 710 2207 719 .

560 783 679 851 xxm.
1164 715 2149 890 tt,{mittitistitltltlzttit:imi

154 954 166 983 ⁸
1164 900 1314 955 sanctus.
1369 888 1432 954 Est
1464 900 1498 956 et
1517 888 1763 968 REDEthlO,
1806 889 1841 955 id
1869 900 1933 970 est,
1974 887 2149 971 liberator,

218 975 298 1043 ldeo
319 973 446 1043 Panln's
476 976 595 1063 inquit:
628 968 764 1041 Habitat
789 974 824 1039 in
846 970 980 1039 Christo
1033 969 1115 1038 leni·
1164 994 1226 1061 per
1257 995 1356 1062 quem
1390 978 1537 1043 redemta
1571 988 1625 1042 est
1655 973 1827 1055 Ecclesia,
1869 987 1903 1041 et
1935 973 2095 1043 liberatur
2125 997 2148 1042 a

133 1062 213 1131 tudo
235 1063 415 1130 divinitatis
444 1059 674 1147 corporaliter.
718 1059 782 1125 llic
803 1061 870 1125 duo
891 1071 971 1124 sunt
1021 1061 1115 1125 'scri
1165 1073 1272 1126 morte
1304 1074 1457 1140 aeterna,
1491 1073 1526 1127 et
1559 1063 1701 1129 donatur
1723 1059 1832 1148 gloria
1853 1074 1888 1127 et
1909 1064 1977 1128 vita
1998 1076 2147 1128 aeterna.

131 1151 232 1229 mina,
254 1169 341 1235 quae
362 1149 414 1214 sic
435 1149 644 1233 interpretor.
684 1147 721 1213 ln
743 1146 817 1213 aliis
839 1148 965 1210 sanctis
987 1147 1116 1212 habitat
1164 1147 1227 1213 Est
1248 1161 1359 1214 autem
1380 1146 1521 1215 ethaeo
1544 1148 1725 1233 descriptio
1753 1147 1931 1216 effectuum
1952 1145 2078 1214 Christi
2100 1160 2147 1214 te·
2207 1226 2213 1235 .

131 1234 227 1304 Deus
248 1233 495 1321 separabiliter,
518 1236 645 1300 docens
667 1235 861 1300 et'movens
883 1252 960 1312 eos,
992 1242 1027 1297 et
1047 1253 1116 1299 non
1166 1236 1366 1314 stimonium,
1388 1235 1478 1320 quod
1506 1235 1551 1299 sit
1573 1235 1793 1320 omnipotens.
1838 1234 1891 1301 Ac
1911 1235 2078 1321 pertinent
2099 1237 2148 1315 di·

131 1330 235 1389 totam
267 1323 466 1407 sapientiam
498 1333 533 1387 et
564 1321 674 1387 omnia
706 1320 796 1386 dona
822 1319 953 1399 tribuit,
987 1320 1049 1384 sed
1080 1320 1115 1384 in
1165 1331 1220 1386 cta
1242 1321 1285 1385 de
1306 1322 1464 1386 missione
1479 1332 1558 1386 ante
1575 1321 1812 1387 assumtionem
1829 1318 1995 1388 humanae
2009 1334 2149 1388 naturae

133 1404 269 1473 Christo
290 1406 420 1473 habitat
440 1409 631 1489 σωματικῶς,
659 1407 780 1487 idest,
811 1408 869 1486 ita,
902 1416 940 1471 ut
961 1406 1027 1471 sint
1048 1424 1116 1470 una
1165 1408 1209 1472 ad
1231 1405 1321 1472 hane
1342 1408 1622 1493 propositionem,
1655 1406 1829 1486 videlieet,
1862 1404 2034 1473 Abraham
2067 1409 2149 1476 vidit

116 1510 278 1579 'peram
297 1495 384 1575 λόγος
407 1505 440 1559 et
459 1506 578 1561 notura
599 1504 761 1572 assumta,
796 1504 828 1559 et
856 1492 920 1556 sint
941 1490 1005 1557 hae
1029 1491 1116 1557 duae
1165 1494 1253 1559 diem
1274 1514 1381 1558 meum
1402 1504 1438 1559 et
1458 1491 1603 1559 laetatus
1626 1504 1689 1559 est.
1717 1496 1807 1573 Item,
1828 1492 2017 1580 Antequam
2040 1495 2149 1561 Abra·

131 1591 272 1646 naturae
303 1578 570 1665 inseparabiliter
600 1580 733 1646 iunctae
760 1581 795 1645 in
816 1586 887 1647 tote
908 1578 1114 1644 aeternitate.
1164 1577 1242 1645 harn
1265 1591 1451 1661 natusest,
1479 1601 1498 1645 e
1523 1600 1650 1646 osum.
1695 1578 1788 1660 ltem,
1817 1578 1871 1660 (ἦν
1898 1576 1994 1662 ἀρχῆ(
2022 1577 2070 1644 ὅτι
2096 1584 2149 1645 real

131 1664 218 1732 Nam
239 1679 276 1732 ut
298 1687 361 1732 nos
384 1666 522 1733 dicimus
541 1686 630 1731 nunc
645 1669 767 1732 usitato
781 1685 941 1741 ¹sermone
958 1684 1116 1750 persona,
1164 1668 1247 1731 λαλῶ
1267 1665 1347 1748 cirria
1370 1665 1463 1746 ltem,
1497 1602 1614 1744 Eilius,
1637 1667 1693 1752 qui
1716 1667 1821 1731 estin
1843 1665 2053 1746 sinuPatris,
2075 1668 2150 1752 ipse

132 1753 183 1818 sic
206 1750 329 1818 Graeci
352 1753 505 1818 dixerunt
527 1754 628 1833 σῶμα.
658 1751 715 1825 ¹lit
748 1774 830 1819 eur»
854 1751 943 1833 λόγος
973 1753 1009 1816 in
1041 1772 1115 1835 per·
1165 1755 1452 1819 enarravitnobis.
1482 1753 1575 1828 ltem,
1593 1750 1644 1817 Ex
1655 1750 1859 1837 plenitudine
1870 1753 1942 1816 eius
1954 1773 2019 1818 nos
2031 1773 2148 1818 omncs

133 1858 219 1903 sona
242 1837 367 1904 Christi
395 1840 439 1904 sit
472 1836 696 1904 essentialiter
717 1837 831 1918 Deus,
864 1840 910 1904 ibi
944 1835 1113 1924 plenitudo
1165 1840 1367 1924 accepimns,
1399 1839 1504 1925 inquit
1525 1839 1688 1923 Baptista,
1723 1839 1847 1903 Omnes
1870 1839 1988 1902 Patres
2012 1850 2045 1903 et
2066 1836 2149 1905 Pro·

132 1935 186 1991 est
194 1926 373 2009 potentiae,
394 1927 595 2012 sapientiae,
616 1927 772 2005 iustitiae,
794 1927 898 2006 vitae,
915 1937 949 1991 et
971 1924 1115 1990 omnium
1164 1925 1285 2010 phetas
1308 1926 1484 2010 accepisse
1505 1922 1723 2012 Evangelinm
1739 1974 1742 1979 -
1758 1937 1792 1990 et
1825 1923 2081 1990 vivificationem
2115 1936 2149 1991 et

133 2012 307 2079 donorum.
1164 2014 1324 2078 iustitiam
1355 2014 1398 2078 ad
1431 2014 1533 2079 vitam
1565 2024 1746 2091 aeternam,
1780 2011 1882 2077 dante
1913 2008 1982 2076 hoo
2001 2007 2084 2075 Filio
2099 2024 2161 2093 et,

1164 2109 1301 2185 propter
1323 2119 1409 2165 eum.

164 2308 173 2345 ,
368 2248 372 2257 '
556 2258 691 2333 xxrrrr.

41 2502 44 2511 ·
115 2485 124 2497 ¹
220 2456 350 2523 Primae
373 2456 522 2525 Corinth.
537 2456 589 2523 10.
621 2453 747 2523 Paulus
769 2451 925 2535 allinunt,
946 2453 1115 2523 Christum
1600 2387 1711 2455 ΚΝ

130 2540 285 2611 adfuisse
315 2542 441 2631 populo
474 2541 581 2609 lsrael
611 2544 646 2609 in
678 2543 822 2608 deserto.
870 2542 1039 2608 Bibebent
1071 2564 1114 2609 ex
1251 2536 1360 2608 Valde
1382 2541 1579 2609 confirmant
1605 2543 1693 2628 piern
1715 2554 1856 2610 mentem
1879 2544 2149 2631 cogitantem‘de

132 2627 297 2696 sirituali
329 2634 507 2697 comitante
539 2650 599 2696 eos
631 2642 738 2714 petra,
767 2627 868 2694 Petra
898 2639 1010 2695 autem
1041 2641 1115 2696 erat
1165 2630 1333 2697 divinitate
1365 2631 1399 2695 in
1425 2626 1509 2694 Filio
1534 2627 1616 2709 Dei,
1649 2631 1738 2696 dicta
1770 2651 1857 2716 quae
1889 2627 2072 2718 loquuntur
2105 2630 2149 2696 de

235 2728 301 2782 tus.
345 2716 439 2783 ilaec
461 2718 551 2782 dicta
573 2737 659 2805 quae
686 2713 854 2781 affirmant
881 2727 959 2780 ante
985 2734 1114 2781 assum·
1164 2718 1352 2804 praesentia
1373 2717 1445 2783 eius
1465 2716 1499 2780 in
1517 2714 1673 2782 Ecclesia
1694 2726 1772 2789 ante
1792 2716 1996 2782 nativitatem
2018 2736 2061 2782 ex
2081 2716 2149 2782 vir·

131 2800 257 2869 tionem
278 2813 418 2869 naturae
442 2802 607 2869 humanae
628 2800 779 2868 adfuisse
799 2798 974 2867 Ecclesiae
996 2802 1124 2870 Filiunr
1164 2804 1253 2891 gine.
1298 2800 1405 2868 Simul
1425 2813 1534 2869 autem
1557 2804 1724 2889 cogitetur
1745 2803 1787 2869 de
1810 2803 2060 2889 omnipotentia,
2082 2823 2149 2890 qua

131 2884 209 2969 Dei,
227 2890 368 2955 maxime
390 2890 570 2975 perspicue
592 2889 773 2954 ostendunt
800 2886 888 2969 λόγον
914 2887 1115 2973 ὑφιστάμενον
1165 2902 1198 2956 et
1219 2902 1299 2955 tunc
1319 2886 1380 2954 luit
1401 2888 1532 2969 efficax,
1565 2901 1600 2954 et
1620 2889 1740 2955 eodem
1763 2891 1862 2954 modo
1884 2885 2008 2956 efficax
2037 2891 2149 2955 estin

130 2994 220 3048 esse,
243 2986 277 3040 et
299 2974 471 3041 declarant
489 2977 680 3042 missionem
696 2975 739 3039 ad
752 2969 946 3048 Ecclesiam,
970 2987 1003 3040 ct
1024 2977 1115 3062 quod
1163 2974 1320 3042 Ecclesia
1336 2987 1414 3062 post
1430 2988 1612 3040 assumtam
1632 2973 1810 3041 humanam
1822 2987 1984 3042 naturam.
2016 2974 2150 3042 Nemet

130 3080 264 3147 semper
285 3063 476 3148 peripsum
497 3063 683 3126 immediate
705 3056 848 3125 collecta
880 3060 925 3123 sit
958 3073 990 3126 et
1022 3059 1114 3126 colli·
1163 3063 1250 3128 haec
1262 3063 1349 3126 dicta
1367 3063 1409 3125 de
1420 3062 1656 3147 omnipotentia
1668 3075 1747 3127 snm
1757 3063 1946 3127 testimonia
1957 3062 2148 3129 divinitatis.

130 3160 232 3235 gatar
252 3144 418 3226 Ecclesia,
443 3159 476 3212 et
504 3148 594 3232 qnod
615 3148 691 3211 ideo
713 3145 798 3210 haec
819 3163 964 3231 persona
986 3167 1114 3211 assum-
1163 3148 1361 3212 Nominatnr
1382 3144 1538 3212 Christus
1561 3145 1856 3234 caputEcclesiae
1876 3147 2001 3233 Ephes.
2015 3149 2045 3215 l.
2078 3146 2148 3213 lle-

130 3238 214 3301 sarit
234 3243 385 3297 naturam
406 3233 601 3311 humanam,
633 3232 711 3318 quia
742 3230 827 3296 haec
861 3232 934 3315 ipsa
967 3252 1113 3317 persona
1165 3234 1213 3298 dit
1241 3254 1316 3298 eum
1349 3247 1449 3318 caput
1480 3255 1583 3319 super
1616 3237 1727 3300 omnia
1747 3231 1940 3312 Ecclesiae,
1974 3255 2061 3321 quac
2094 3246 2149 3301 est

130 3320 175 3385 ad
204 3314 426 3405 colligendam
452 3318 640 3384 Ecclesiam
667 3319 772 3382 missa
805 3329 867 3382 est.
917 3317 1041 3383 Notum
1069 3320 1113 3382 sit
1166 3339 1289 3405 corpus
1312 3321 1384 3385 eius
1406 3323 1584 3408 integrum,
1616 3320 1819 3406 perficientis
1854 3321 1965 3386 omnia
1986 3325 2019 3387 in
2043 3323 2147 3386 omni·

65 3468 67 3473 Α
125 3406 232 3556 ¹ipitur
254 3416 288 3470 et
309 3401 537 3471 dulcissimum
560 3408 683 3474 dietum
698 3404 824 3469 lrenaci
844 3402 931 3469 libro
943 3404 975 3470 3.
995 3426 1068 3489 cap.
1079 3406 1127 3470 2·
1164 3406 1238 3472 hus.
1288 3406 1458 3491 Expresso
1489 3419 1599 3472 autem
1632 3404 1776 3472 latentur
1808 3408 1993 3490 scriptores
2026 3405 2084 3471 lih.
2112 3406 2146 3473 3.

129 3513 153 3562 n
176 3493 188 3555 i
209 3488 355 3556 ailirrnat
382 3493 469 3574 λόγον
501 3512 581 3557 esse
613 3511 793 3577 personam
826 3502 860 3556 et
891 3510 1024 3576 semper
1055 3492 1111 3557 ad·
1163 3496 1402 3559 sententiarum
1435 3495 1646 3559 distinctione
1677 3493 1726 3559 13.
1776 3493 1906 3558 Nomen
1941 3494 2059 3581 capitis
2092 3495 2149 3560 tri·

127 3575 237 3644 luisse
259 3577 451 3657 Ecclesiae,
485 3581 584 3644 etiam
617 3590 792 3664 antequam
818 3581 977 3645 assumsit
998 3577 1112 3644 huma·
1166 3579 1221 3644 bui
1253 3582 1314 3645 toti
1346 3600 1524 3663 personae,
1556 3590 1590 3644 et
1622 3576 1708 3645 alias
1740 3581 1860 3644 additis
1889 3580 2148 3664 proprietatibus

128 3684 206 3730 nam
227 3676 391 3730 naturam.
436 3664 552 3731 Verba
574 3663 702 3731 irenaei
723 3662 809 3729 haec
831 3677 924 3729 suntr
965 3666 1112 3730 Osteuso
1166 3678 1356 3750 competere
1378 3668 1409 3730 ei
1432 3669 1616 3732 secundum
1643 3666 1823 3732 humanam
1855 3676 2027 3746 neutram,
2059 3663 2147 3732 alias

129 3747 321 3831 manifeste,
353 3753 444 3837 quod
476 3751 576 3832 hunc,
609 3753 665 3837 qni
695 3772 716 3815 a
736 3751 899 3836 principio
933 3751 1021 3833 λόγος
1052 3748 1132 3817 tuit·
1165 3752 1350 3818 secundum
1371 3754 1525 3818 divinam.
1840 3766 1842 3770 ‘
2028 3762 2033 3773 “

50 3904 58 3919 ,
128 3837 218 3922 apud
239 3835 367 3917 Deum,
394 3860 455 3924 per
482 3859 581 3924 quem
609 3839 720 3904 omnia
750 3834 842 3911 facta
868 3848 958 3915 sunt,
991 3840 1047 3924 qui
1081 3847 1115 3902 et

130 3942 265 4009 semper
291 3925 410 3989 aderat
437 3922 584 3988 humano
607 3923 732 4010 generi,
754 3923 957 3989 novissimis
989 3935 1114 4009 tempo·
1250 3921 1313 3988 Est
1331 3935 1432 4007 eaput
1452 3921 1616 4003 efficacia,
1636 3920 1855 4009 perfectione,
1884 3923 2002 3988 merito
2031 3936 2065 3988 et
2092 3943 2148 3987 or·

128 4011 223 4076 ribus
244 4012 429 4076 secundum
448 4008 658 4095 praefinitum
674 4021 804 4094 tempus
821 4031 842 4073 a
855 4008 965 4090 Patre,
987 4012 1114 4075 unitum
1166 4009 1252 4074 dine.
1297 4009 1443 4075 Primam
1470 4009 1634 4088 efficacia,
1689 4012 1745 4074 uia
1777 4009 1862 4075 haec
1893 4029 2040 4093 persona
2070 4030 2150 4094 pro·

129 4088 193 4164 stro
214 4092 379 4184 plasmati,
400 4095 594 4183 passibilem
614 4095 781 4161 hominem
801 4093 925 4161 factum
946 4098 1043 4162 misit.
1165 4097 1238 4182 pric
1270 4097 1376 4161 missa
1409 4110 1471 4175 est,
1504 4107 1540 4161 nt
1572 4030 1758 4161 immehiate
1789 4117 1850 4182 per
1882 4116 1956 4162 eam
1990 4107 2149 4161 aeternus

1166 4183 1268 4247 Pater
1289 4180 1428 4269 colligat
1438 4180 1639 4248 Ecclesiam.
1674 4182 1766 4247 llaec
1788 4203 1935 4266 persona
1956 4183 2060 4248 initio
2095 4202 2149 4247 ro·

218 4269 293 4337 Sint
310 4271 412 4357 igitur
432 4270 466 4335 in
489 4279 676 4353 conspectu
698 4269 1004 4356 testimonia-quae
1025 4266 1116 4335 aifir·
1167 4267 1232 4334 lert
1253 4266 1484 4356 Evangelium,
1506 4291 1566 4354 per
1589 4290 1661 4334 eam
1684 4271 1869 4335 immediate
1889 4270 1998 4334 Adam
2020 4279 2055 4333 et
2107 4288 2150 4333 va

130 4369 233 4437 mant,
261 4377 395 4444 semper
415 4353 564 4421 adfuisse
587 4351 762 4419 Ecclesiae
784 4352 913 4419 Filium.
957 4356 1009 4421 Fit
1030 4359 1117 4422 enim
1167 4354 1391 4422 vivificantur:
1424 4356 1534 4421 Adest
1565 4353 1757 4440 Ecclesiae,
1791 4366 1824 4420 et
1856 4376 1929 4420 eam
1961 4356 2149 4431 immediate

132 4443 300 4510 invocatio
323 4444 505 4523 ardentior,
528 4463 602 4508 eum
625 4442 692 4507 hcc
713 4438 860 4509 olhciuru
878 4442 952 4506 Filii
974 4454 1008 4507 et
1029 4441 1117 4509 hanc
1167 4442 1328 4521 viviticat,
1362 4453 1543 4520 sustentat,
1578 4453 1611 4506 et
1644 4455 1769 4508 servat.
1814 4441 1879 4507 l’er
1900 4462 1975 4505 eam
1995 4440 2093 4507 Nohe
2113 4441 2149 4505 in

129 4526 382 4598 familiaritatem
404 4532 578 4597 nobiscum
601 4527 799 4613 cogitamus,
820 4530 909 4612 quod
923 4530 968 4593 sit
981 4531 1116 4610 missus,
1167 4549 1264 4606 arca,
1291 4532 1434 4612 populus
1455 4532 1489 4595 in
1511 4530 1593 4593 mari
1617 4531 1737 4606 rubro,
1762 4540 1830 4593 trcs
1854 4527 1971 4594 virilu
1993 4525 2149 4607 flammis,

130 4628 168 4683 ut
195 4638 267 4683 sem
312 4640 329 4683 r
359 4615 498 4705 colligat
519 4612 726 4692 Ecclesiam,
759 4626 870 4680 servet
900 4616 1116 4681 ministerium
1167 4625 1202 4681 et
1221 4616 1256 4679 in
1278 4635 1406 4680 summa
1427 4617 1586 4681 universa
1597 4613 1752 4680 Ecclesia
1770 4616 1955 4679 immediate
1978 4635 2038 4698 per
2059 4613 2149 4678 hane

131 4702 224 4769 Evan
250 4707 316 4786 e'i,
348 4708 393 4771 sit
427 4701 551 4770 efficax
573 4702 775 4789 cogitatione
807 4700 994 4787 Evangelii,
1029 4706 1116 4769 sicut
1166 4721 1344 4851 personam
1367 4714 1534 4768 servatur:
1563 4701 1620 4766 Sic
1643 4704 1747 4786 inquit
1770 4698 1894 4766 l’aulus
1924 4701 1957 4763 in
1980 4697 2147 4785 Ephesiis,
2202 4704 2209 4716 “

132 4792 273 4858 &iture
307 4790 523 4879 Evangelium
551 4801 603 4855 est
624 4790 773 4875 potentia
802 4784 865 4851 Dei
898 4786 1115 4855 adsalutem
1194 4784 1333 4853 erficere
1354 4809 1428 4854 eum
1451 4791 1561 4856 omnia
1582 4789 1616 4852 in
1638 4791 1808 4867 omnihus,
1841 4800 1875 4852 et
1897 4807 2000 4870 supra
2022 4787 2147 4851 dictum

133 4878 223 4944 .ιί
246 4858 409 4946 bredenti.
458 4879 537 4944 ltem
560 4876 715 4944 Christus
749 4884 801 4937 est
833 4874 930 4938 nobis
963 4873 1072 4940 sactus
1092 4896 1115 4941 a
1165 4884 1232 4939 est:
1255 4871 1329 4960 Ego
1352 4877 1455 4941 vitam
1477 4889 1647 4940 aeternam
1671 4876 1715 4939 do
1737 4876 1798 4940 eis.
1842 4873 1942 4952 ltern,
1966 4871 2060 4945 Quos
2083 4874 2147 4937 Pa·

134 4961 213 5032 Bo
231 4968 406 5054 sapientia,
426 4968 560 5046 iustitia,
582 4960 859 5049 sanctificatioet
880 4961 1052 5026 redemtio.
1164 4972 1215 5025 ter
1235 4961 1394 5040 vivificat,
1415 4961 1480 5027 hos
1503 4974 1537 5026 et
1558 4959 1661 5027 Filius
1683 4959 1841 5029 vivificat
1875 4959 1970 5024 llaec
1991 4955 2147 5024 efficacia

1163 5059 1216 5112 est
1237 5049 1355 5132 capitis
1375 5050 1564 5134 praesentis
1585 5049 1619 5113 in
1641 5045 1815 5127 Ecclesia,
1847 5045 2033 5114 secundum
2062 5044 2147 5110 divi·

220 5138 458 5207 nutatim
482 5152 554 5223 est,
583 5096 661 5227 (ιιι
679 5129 809 5225 prolcrt
827 5130 1048 5221 Evangelium
1068 5153 1114 5201 ex
1161 5154 1240 5200 nam
1260 5145 1423 5201 naturam.
1548 5194 1551 5199 .

776 5514 892 5556 Δ
