4628 5588
40 104 161 207 Ιιιι
301 120 304 125 ·
451 158 458 177 ,
722 101 837 170 earn.
860 100 965 167 nau.
988 99 1177 170 scnium
1200 98 1479 170 uoonnncn.
1795 146 1797 150 Α
2042 86 2111 174 ere
2185 106 2190 113 ·

95 296 222 361 veteris
251 289 425 358 Ecclesiae
459 292 717 373 consuetudine,
747 290 791 356 Et
818 288 973 374 paulatim
1001 289 1078 377 plus
1129 291 1339 357 sacerdotem
1361 293 1524 375 maritum.
1551 289 1770 377 Repudianda
1792 303 1845 357 est
1858 292 1962 379 igitur
1970 290 2110 361 'lllomm

95 381 247 445 accessit
279 378 473 464 tyrannidis.
518 377 617 443 Circa
651 390 804 462 tempora
833 378 990 464 Gregorii
1020 380 1077 464 qui
1129 379 1288 457 amentia,
1321 378 1378 463 qui
1410 375 1637 444 vociferantur
1664 379 1761 444 conio
1788 379 1853 443 ‘um
1887 400 1963 446 curn
1988 391 2112 447 natura
2177 429 2188 440 .

95 466 265 545 ducebant
285 485 409 529 uxores
431 467 463 529 in
486 463 605 530 Latina
627 461 798 543 Ecclesia,
830 474 955 528 tanturn
977 484 999 528 a
1020 465 1079 528 mi·
1130 464 1255 528 ordinis
1277 483 1440 550 pugnare.
1484 462 1569 529 Tota
1597 462 1731 529 Graeca
1787 461 1911 530 eclesia
1937 468 2110 553 usquead

93 551 243 617 ulsteriis
277 551 552 616 removebantur:
591 551 717 616 Postea
753 551 955 615 exacerbata
987 546 1077 636 lege,
1128 547 1219 614 hunc
1240 549 1325 615 dlem
1347 560 1500 628 testatur,
1522 551 1721 615 Sacerdotes
1742 570 1845 635 posse
1866 553 2111 632 maritosesse,

93 657 236 789 pporsns
252 637 415 701 ademtam
434 649 485 702 est
503 638 693 723 coniugium
710 637 958 701 sacerdotibusr
981 634 1079 699 Nunc
1128 655 1232 719 posse
1253 636 1379 701 habere
1400 656 1541 714 uxores,
1573 633 1628 701 vel
1661 648 1739 701 ante
1765 636 2019 719 ordinationem,
2052 633 2110 704 vel

131 723 342 790 terliciuntur
364 724 430 807 qni·
443 722 567 799 ducunt
588 742 729 802 uxores,
759 743 832 788 eum
855 723 887 786 in
909 719 1078 788 Ecclesia·
1152 733 1248 786 ostes
1260 708 1391 800 ducias,
1412 734 1449 787 ut
1470 719 1555 787 infra
1566 723 1735 806 copiosius
1753 724 1977 788 ostendemus.
2010 723 2109 789 Nune

97 811 185 875 stica
209 811 450 896 gubernatione
472 809 619 894 inprimis
640 806 761 874 lenitas
783 806 969 873 adhibenda
991 808 1044 871 sit.
1128 743 1210 872 lllud
1243 819 1370 872 tantum
1403 808 1550 894 agimus,
1589 818 1626 872 ut
1658 809 1875 874 ostendamus
1907 811 2108 875 sacerdotes

456 951 459 956 .
1128 912 1232 978 posse
1256 913 1334 958 csse
1355 896 1509 959 maritos:
1544 893 1633 980 quod
1656 895 1795 959 dicimus
1827 894 1871 960 ad
1898 892 2110 962 refutandum

137 1033 139 1037 ,
183 978 255 1045 Etsi
274 989 383 1046 autern
404 979 489 1044 haec
512 999 616 1045 causa
637 980 721 1044 adeo
751 980 928 1064 perspicua
949 988 1020 1056 est,
1042 988 1079 1041 ut
1130 999 1277 1045 errorem
1304 976 1452 1058 illorum,
1504 979 1537 1046 ιι1
1560 980 1800 1045 contenderunt
1822 979 2011 1066 coniugium
2032 1003 2109 1047 cum

95 1085 162 1132 non
186 1065 309 1130 habeat
326 1085 410 1150 opus
428 1063 530 1152 longa
548 1067 781 1149 disputatione,
800 1078 907 1130 tamen
921 1060 1078 1148 colligam
1130 1066 1246 1131 ordine
1267 1085 1429 1151 pugnare.
1472 1001 1546 1130 ileo
1567 1062 1652 1130 levis
1674 1078 1726 1130 est
1748 1064 1805 1130 hic
1827 1086 1932 1142 error,
1953 1065 2112 1133 acmulte

95 1153 286 1218 testimonia
308 1153 390 1216 iuris
412 1153 533 1230 divini,
565 1172 651 1237 quae
673 1153 812 1230 docent,
844 1151 1079 1216 sacerdotibus
1130 1150 1346 1216 deliramenta
1364 1149 1604 1236 complectitur,
1626 1150 1719 1237 fingit
1738 1153 1925 1238 coniugium
1943 1170 2020 1216 esse
2038 1172 2110 1217 rem

95 1258 164 1305 uon
188 1238 438 1324 prohibendum*
454 1258 532 1302 esse
554 1239 754 1324 coniugium,
772 1257 912 1322 eamque
933 1234 1079 1320 prohibi·
1130 1239 1340 1318 immundam,
1361 1235 1428 1302 hoc
1446 1248 1511 1317 est,
1534 1239 1622 1302 ritae
1645 1258 1751 1323 genus
1761 1238 1929 1316 vitiosum,
1951 1238 2110 1323 quodant

95 1325 221 1390 tionem
244 1325 377 1410 impium
399 1335 433 1389 et
454 1326 610 1389 iniustam
633 1344 723 1402 esse,
756 1337 849 1388 recte
869 1321 983 1388 lacere
1004 1324 1079 1405 pios
1131 1343 1197 1388 non
1230 1324 1394 1408 adprobet
1421 1322 1531 1396 Deus,
1566 1335 1622 1388 aut
1651 1335 1741 1388 certe
1771 1324 1806 1387 in
1833 1322 1946 1408 aliquo
1979 1325 2111 1407 piorurn

64 1406 67 1411 ’
97 1411 307 1488 sacerdotes,
330 1410 386 1495 qui
409 1411 534 1475 ducunt
556 1430 692 1490 uxores,
714 1430 755 1474 ac
776 1409 941 1494 pertinere
962 1409 1007 1472 ad
1030 1404 1079 1474 os·
1129 1408 1297 1474 hominum
1320 1410 1425 1494 gradu
1448 1430 1515 1473 non
1545 1411 1718 1494 adprobet.
1762 1406 1849 1473 lluio
1880 1411 2109 1494 superstitioni

96 1494 205 1561 ficium
229 1494 439 1578 Principum,
473 1492 893 1583 abolere.prohibltiorrem
919 1491 1009 1558 illam
1030 1493 1080 1557 in·
1131 1514 1273 1560 necesse
1300 1505 1352 1559 est
1379 1491 1579 1573 reclamare,
1613 1516 1700 1579 quae
1722 1495 1852 1581 quidem
1881 1495 2036 1561 damnata
2056 1507 2112 1561 est

96 1581 217 1648 iustam
241 1593 274 1648 et
295 1584 512 1668 tyrannicam.
1130 1581 1229 1646 etiam
1251 1581 1283 1644 in
1307 1581 1445 1667 Synodo
1467 1580 1672 1666 Gangrensi‚
1705 1581 1739 1645 in
1768 1602 1835 1666 qua
1856 1592 1934 1647 sunt
1959 1578 2054 1647 utilia
2075 1593 2112 1646 et

324 1684 332 1703 ’
1130 1667 1184 1750 pia
1206 1667 1341 1731 decreta
1364 1679 1480 1731 eontra
1501 1666 1685 1731 lllarcionis
1707 1678 1833 1731 sectam
1853 1666 1960 1746 lacta,
1981 1671 2016 1732 in
2038 1667 2131 1753 qui·-

184 1750 354 1817 Vocamus
377 1764 487 1817 autem
515 1753 724 1839 coniugium,
752 1749 929 1835 legitimam
951 1763 984 1815 et
1004 1770 1079 1835 per·
1131 1755 1193 1817 bus
1215 1765 1249 1817 et
1271 1751 1339 1818 boc·
1360 1764 1426 1816 est:
1449 1751 1486 1817 Si
1499 1754 1574 1837 quis
1595 1753 1750 1817 discernit
1771 1753 2007 1840 Presbyterum
2030 1773 2110 1818 con·

22 1913 26 1919 ι
121 1849 230 1903 etnam
255 1840 521 1904 coniunctionem
543 1840 640 1904 unius
664 1840 744 1917 viri,
772 1852 807 1903 et
832 1839 931 1903 unius
953 1849 1078 1902 tantum
1131 1839 1355 1926 coniugatum,
1380 1840 1476 1943 quasi
1498 1850 1634 1943 propter
1662 1839 1794 1923 nuptias
1817 1839 1938 1904 offerre
1959 1860 2027 1903 non
2050 1840 2109 1903 de·
2153 1836 2158 1843 “
2222 1872 2227 1879 ·

97 1859 263 1992 foeminae
281 1925 436 1989 divinitus
460 1927 639 1989 institutam
661 1925 884 2011 generationis
908 1943 1024 2002 causa,
1044 1934 1078 1986 et
1129 1925 1225 2004 beat,
1259 1936 1292 1988 et
1312 1928 1355 1990 ab
1374 1946 1446 1990 erus
1469 1922 1637 1990 ootanone
1659 1925 1734 1989 ideo
1753 1926 1910 2005 abstinet,
1932 1923 2111 1990 anathema
2209 1974 2215 1985 ,

97 2011 279 2077 ordinatam
301 2011 344 2074 sd
367 2011 521 2076 vitandas
538 2008 690 2076 libidines
712 2011 908 2094 prohibitas,
930 2008 1079 2074 iuxtadi·
1129 2012 1183 2076 sit.
1227 2009 1301 2076 Etsl
1332 2021 1442 2076 autem
1475 2023 1638 2098 quaerunt
1665 2012 1849 2076 adversarii
1876 2008 2109 2077 cavillationes
2204 2016 2213 2025 '

98 2109 188 2162 ctum
212 2094 312 2160 illud:
341 2095 590 2162 Eruntduoln
614 2117 818 2177 carneuna,
840 2092 1012 2175 videlicet,
1042 2104 1079 2158 ut
1130 2098 1172 2163 ad
1200 2094 1266 2163 hoc
1300 2097 1473 2163 decretum
1495 2095 1711 2175 eludendum,
1744 2109 1852 2162 tamen
1886 2109 2012 2161 certum
2044 2108 2110 2176 est,

99 2181 134 2248 ln
156 2200 197 2246 ea
218 2183 394 2247 roratione
416 2181 492 2247 Deo
517 2184 679 2248 conditori
702 2204 827 2248 morern
850 2192 984 2270 gerant,
1019 2182 1078 2244 ob·
1129 2181 1217 2249 hanc
1250 2203 1330 2249 esse
1352 2184 1566 2262 sententiam,
1593 2181 1796 2267 ,Coniugium
1817 2184 2004 2270 presbyteri
2027 2179 2111 2247 nibil

82 2258 281 2351 (temperent
314 2269 385 2333 eius
418 2270 637 2349 ordinationi,
669 2270 775 2334 vitent
811 2288 855 2333 ne
887 2265 1079 2353 polluantur
1130 2267 1262 2334 differre
1284 2290 1305 2333 a
1328 2269 1484 2355 coniugio
1506 2267 1657 2348 aliorum,
1682 2281 1715 2332 et
1737 2269 1772 2332 id
1795 2269 1883 2333 vitae
1906 2288 2014 2357 genus
2032 2266 2136 2334 Deo·

97 2367 215 2421 eontra
237 2374 309 2418 cam
332 2355 587 2431 ordinationem,
617 2355 669 2418 vlr
688 2375 755 2419 non
778 2354 940 2437 despiciat
960 2371 1079 2417 sexum
1130 2350 1276 2437 placere.
1308 2353 1393 2420 Cum
1414 2355 1513 2440 igitur
1535 2366 1662 2419 certum
1685 2356 1737 2430 sit,
1755 2374 1796 2418 ex
1819 2355 2014 2420 testimoniis
2025 2355 2110 2418 seri·

97 2435 316 2519 foemineum,
337 2441 397 2503 sed
420 2436 549 2504 honore
570 2438 715 2519 adficiat,
738 2452 771 2503 et
793 2442 877 2504 sciat
905 2438 968 2503 sibi
990 2437 1079 2524 quis·
1130 2451 1247 2525 pturae
1270 2451 1304 2504 et
1325 2442 1447 2505 veteris
1470 2437 1658 2520 Ecclesiae,-
1688 2441 1837 2505 ordinem
1868 2459 1936 2505 non
1959 2460 2110 2525 pugnare

18 2549 21 2552 ’
96 2545 279 2610 quosnam
302 2527 496 2629 coniugem,
529 2537 688 2610 tanquam
708 2537 836 2611 partem
866 2524 998 2614 generis
1019 2521 1079 2589 hu·
1130 2547 1205 2593 oum
1227 2527 1395 2613 coniugio,
1416 2529 1599 2591 sententiae
1618 2532 1797 2677 generales
1820 2527 1926 2591 dictae
1949 2527 1991 2591 dc
2007 2527 2110 2591 omni·

97 2610 197 2690 mani,
219 2611 387 2689 tuendam,
408 2613 602 2690 iuvandam,
624 2620 657 2675 et
677 2612 850 2676 amandam
873 2628 968 2688 esse,
999 2630 1078 2694 pro·
1129 2613 1193 2676 bus
1214 2612 1307 2690 viris,
1330 2613 1427 2677 etiarn
1454 2614 1497 2677 ad
1520 2632 1617 2677 sacer
1640 2623 1715 2676 otes
1736 2614 1958 2698 pertinebunt.
2001 2612 2110 2678 Acce·

97 2707 213 2762 creent
233 2693 378 2776 liberos,
402 2700 518 2784 eisque
539 2697 674 2762 tradant
694 2716 808 2763 veram
828 2695 894 2764 Dei
916 2696 1076 2774 notitiam,
1129 2696 1210 2765 dunt
1230 2698 1331 2785 igitur
1348 2694 1475 2784 reliqua
1497 2699 1695 2766 testimonia.
1786 2690 1798 2711 '

96 2794 134 2849 ut
155 2783 280 2868 agnitio
291 2779 356 2848 Dei
379 2794 594 2889 propagetur,
615 2795 649 2848 et
670 2784 703 2848 in
725 2782 823 2847 terris
846 2794 1075 2847 conservetur.

97 2867 140 2934 lli
162 2879 242 2949 suut
273 2870 360 2934 enim
392 2871 559 2954 praecipui
592 2867 676 2934 lines
698 2869 860 2954 coniugii,
893 2869 936 2934 de
955 2867 1076 2953 quibus

97 2971 201 3040 saepe
222 2955 438 3020 concionatur
460 2956 612 3022 doctrina
634 2953 803 3021 coelestis.
846 2955 1023 3020 Accedunt
1044 2962 1078 3018 et

97 3036 154 3106 alii
177 3039 275 3120 lines,
296 3043 452 3128 coniugia
473 3039 615 3107 colenda
636 3061 727 3122 esse,
749 3052 786 3106 ut
806 3042 958 3108 iuvemus
987 3060 1086 3106 com·
1130 3074 1133 3079 ·
1704 3080 1713 3097 .
1816 3082 1824 3100 .

68 3144 72 3149 ’
97 3147 228 3193 munem
251 3128 443 3193 societatem
465 3126 644 3206 hominum,
665 3138 702 3193 ut
718 3129 810 3195 cives
856 3129 1008 3214 ignamus
1030 3136 1079 3189 at·
1339 3078 1573 3165 seeundum
1604 3080 1909 3189 Temmfflmm*

120 3233 164 3278 ue
186 3214 370 3287 educemus
392 3214 466 3277 usui
487 3211 618 3278 futuros
638 3214 776 3298 patriae.
852 3215 863 3277 1
892 3211 977 3276 fines
1001 3209 1081 3277 Phi-⁰
1830 3264 1842 3287 ,.
1863 3280 1878 3297 ,,
1932 3274 1935 3279 .

63 3300 68 3309 ’
96 3232 251 3383 losopnts
273 3296 607 3383 etLegumlatoribus
629 3301 698 3363 uoti
720 3296 866 3367 suerunt.
901 3293 1077 3385 Sedlflato
1213 3294 1377 3361 Vitandae
1400 3295 1620 3360 scortationis
1637 3315 1752 3375 causa,
1774 3297 2004 3385 unusquisque
2027 3320 2110 3365 uxo·

98 3384 262 3450 etiam'de
283 3385 394 3466 priore
416 3384 481 3450 line
501 3382 660 3471 loquitur,
676 3386 841 3471 inquiens,
864 3384 943 3449 ldeo
964 3382 1077 3450 eonln·
1128 3404 1199 3450 rem
1221 3401 1316 3447 suam
1338 3381 1472 3447 habeat.
1515 3381 1609 3447 Haec
1631 3384 1797 3448 sententia
1818 3386 1981 3470 praecipit
2004 3389 2116 3469 omni·-
2136 3454 2151 3481 ,Ι

53 3504 76 3523 2
98 3470 155 3558 gio
176 3471 335 3537 utendum
357 3489 446 3550 esse,
473 3473 566 3558 qnia,
595 3493 671 3537 eum
692 3469 908 3538 bomines‘ex
936 3470 1002 3536 bac
1024 3489 1079 3534 so·
1128 3472 1192 3536 bus
1215 3471 1262 3534 uti
1284 3469 1461 3554 coniugio,
1482 3469 1538 3555 qui
1561 3470 1628 3534 nou
1650 3466 1729 3534 sunl
1750 3464 2024 3536 ad'coelibatum
2038 3472 2110 3540 ido·
2131 3474 2134 3479 '

99 3557 218 3621 cletate
247 3557 427 3620 morientes
460 3558 652 3637 discedant,
693 3560 812 3624 debeat
845 3557 1079 3643 unusquisque
1128 3556 1200 3634 nei,
1221 3576 1262 3621 ae
1283 3554 1357 3620 sine
1377 3553 1447 3620 ulla
1469 3554 1673 3622 dubitatione
1718 3555 1836 3621 ertlnet
1857 3576 1925 3623 non
1947 3557 1990 3623 ad
2012 3555 2110 3626 solos

97 3661 160 3793 ppo
181 3662 220 3707 sc
242 3639 327 3706 alios
349 3640 424 3706 Deo
448 3641 595 3710 cultores
617 3645 649 3710 in
671 3641 738 3710 hoc
760 3658 858 3710 coetu
880 3641 1078 3729 relinquere.
1128 3641 1263 3721 Laicos,
1296 3641 1482 3706 sedetiam
1511 3641 1553 3706 ad
1570 3577 1796 3707 ‘sacerdotes
1839 3639 1902 3707 Est
1929 3643 2016 3709 enim
2037 3646 2110 3711 uui·
2152 3710 2181 3723 ,,

130 3748 191 3792 aec
223 3749 290 3793 vox
324 3728 520 3814 dignissime
553 3742 606 3797 est
621 3731 793 3805 ,memoria
814 3732 960 3816 piorem:
994 3730 1077 3794 Nam
1129 3725 1260 3794 versele
1293 3730 1499 3793 mandatum:
1538 3724 1776 3815 Unusquisque
1813 3748 1953 3797 uxorem
1984 3724 2111 3799 babeat
2161 3724 2166 3811 ᾗ

96 3809 153 3878 bic
174 3815 374 3900 praecipuus
397 3814 472 3879 linis
495 3817 639 3904 coniugii
672 3838 753 3883 esse
782 3818 891 3883 debet.
915 3815 1079 3901 'Propter
1128 3816 1283 3882 vitandae
1305 3814 1521 3879 scortationis
1543 3834 1656 3879 causa.
1690 3813 1763 3879 Nec
1784 3810 1845 3879 ulli
1865 3816 1908 3880 ub
1924 3813 1996 3880 ‘hoc
2018 3836 2110 3884 mau-
2136 3890 2150 3898 Η
2178 3816 2189 3895 “,

66 3977 70 3985 ,
96 3898 188 3966 bunc
210 3899 308 3966 linem
332 3905 529 3985 expetebant
551 3900 675 3969 liberos
697 3902 882 3981 Abrabam,
916 3901 1024 3980 lsaac,
1046 3910 1079 3967 et
1129 3900 1208 3966 dato
1231 3913 1309 3967 suut
1330 3900 1470 3986 excepti,
1492 3911 1625 3985 praeter
1646 3895 1724 3965 illos
1747 3919 1833 3988 quos
1856 3898 1951 3966 Deus
1973 3902 2109 3988 exeipit,

98 3983 192 4052 multl
216 4003 346 4068 peteres
358 3987 528 4072 Episcopi,
549 4001 586 4054 ut
608 3988 833 4077 relinquerent
855 3989 942 4055 lidos
965 4001 1078 4056 custo·
1129 3984 1296 4067 videlicet,
1319 3988 1374 4074 qui
1395 3997 1454 4051 vant
1474 3996 1594 4051 natura
1615 3996 1694 4051 sunt
1715 3984 1923 4066 ernascnlati,
1945 4000 2110 4075 autprae·
2167 3984 2171 3991 ’

99 4073 160 4138 des
183 4073 355 4139 doetrinae
377 4071 545 4141 coelestis.
1130 4074 1188 4139 diti
1210 4073 1372 4160 singulari
1394 4075 1496 4151 dono,
1519 4085 1555 4137 ut
1570 4092 1654 4157 pure
1677 4072 1776 4138 etiarn
1798 4074 1872 4138 sine
1893 4072 1970 4139 coni
2018 4095 2038 4141 e
2059 4076 2109 4159 ri·
2144 4093 2170 4161 j¹

1130 4180 1210 4226 vere
1232 4160 1379 4246 possint:
1407 4169 1535 4224 tanturn
1556 4154 1591 4224 hl
1613 4169 1698 4247 suut
1712 4161 1844 4264 excepti
1864 4180 1887 4225 a
1908 4096 2045 4245 regffa,
2066 4161 2112 4228 de
2146 4242 2173 4252 ..

1130 4248 1273 4312 caeteris
1296 4246 1449 4311 omnibus
1471 4241 1561 4310 valet
1583 4244 1707 4311 dictum
1728 4242 1870 4311 Cbnsti:
1892 4243 1968 4310 Non
1991 4267 2110 4315 omues
2152 4250 2157 4256 ”
2192 4324 2196 4331 ,

1130 4333 1264 4437 papiun't
1290 4330 1379 4398 hunc
1413 4350 1612 4436 sermonem.
1661 4330 1790 4397 Natura
1822 4332 1909 4437 eninr
1940 4330 2111 4435 homiuum
2182 4416 2185 4421 Ι

439 4458 577 4543 nn
607 4460 738 4544 aa.
1128 4414 2111 4591 tetenderantferrariensem
2167 4498 2195 4513 ·-

1129 4592 1254 4669 idest,
1283 4591 1400 4656 indidit
1421 4590 1551 4676 utrique
1577 4590 1673 4656 sexui
1694 4601 1840 4656 mutuam
1866 4588 2110 4657 coniunctionis
2174 4590 2177 4595 ’

185 4670 284 4746 Quod
330 4677 562 4741 sacerdotibus
600 4673 700 4742 liceat
740 4673 865 4741 babere
905 4677 1078 4764 coniuges,
1114 4679 1374 4763 appetitionem,
1396 4695 1483 4763 quse
1505 4676 1636 4762 quidem
1654 4677 1685 4742 in
1703 4687 1822 4743 natura
1841 4677 1909 4742 inte
1988 4670 2124 4745 suisset

98 4772 214 4846 aperte
233 4772 375 4826 testatur
399 4759 522 4826 Paulus
543 4762 585 4828 ad
608 4760 815 4828 Timotheum
838 4775 870 4828 et
892 4764 934 4827 ad
953 4761 1078 4829 Titumr
1129 4767 1202 4830 sine
1224 4765 1315 4830 vitio.
1359 4762 1458 4829 Nunc
1479 4783 1547 4828 non
1569 4760 1775 4829 estsublata
1792 4695 2113 4831 annullandis·-
2204 4818 2211 4823 .

98 4848 239 4932 Oportet
271 4846 474 4934 Episcopum
517 4850 614 4914 unius
650 4851 764 4916 ureris
786 4851 955 4920 ,maritum
989 4868 1077 4916 esse.
1128 4851 1188 4928 tio,
1221 4851 1283 4916 sed
1303 4863 1448 4936 vagatur
1476 4848 1549 4916 sine
1571 4851 1705 4931 ordine,
1739 4868 1847 4934 eoque
1879 4849 1989 4934 magis
2022 4866 2111 4936 opus

97 4932 190 4998 llaec
212 4935 378 4999 sententia
401 4937 475 4999 sine
501 4933 570 5002 ulla
593 4935 798 5003 dubitatione
819 4947 976 5017 testatur,
1009 4956 1078 5002 ιιοιι
1129 4949 1183 5002 est
1204 4937 1371 5023 coniugio,
1393 4948 1429 5002 ut
1451 4936 1680 5014 coherceatur,
1703 4936 1789 5000 sieut
1811 4953 1928 5001 omues
1950 4935 2122 5020 doctores¹

96 5039 248 5108 pugnare
282 5020 471 5107 coniugium
503 5044 579 5090 cum
606 5023 741 5106 ordine,
773 5023 834 5089 sed
867 5018 969 5117 licere
1000 5021 1080 5114 eligi
1129 5025 1291 5104 scribunt,
1312 5023 1468 5110 coniugio
1489 5033 1568 5111 post
1588 5018 1717 5108 lapsum
1734 5020 1914 5108 primorum
1935 5032 2141 5117 parentium¹
2182 5096 2187 5103 ,
