4628 5588
36 801 39 804 ,
141 740 255 796 servat
274 740 309 795 et
330 740 452 815 gestat.

71 158 76 163 ’
130 148 204 263 ’ω
715 264 721 269 ,
769 188 886 259 ΡΜ.
906 184 1519 285 transsumptionem
1579 146 1587 163 x
1649 185 1666 259 3
1958 276 1977 297 „.
2090 183 2175 257 aaa*
2223 265 2224 269 p

139 382 340 464 Ecclesiam,
373 382 463 468 quod
496 378 653 449 videlicet
676 382 815 467 propter
834 378 924 446 hanc
944 401 1125 466 personam
1162 420 1167 427 ·
1601 375 1726 445 xxvi.

139 473 209 536 reci
234 473 349 550 iamur,
384 480 418 534 et
444 470 535 554 quod
559 490 620 553 per
641 489 715 533 earn
737 469 924 533 immediate
947 464 1125 554 colligatur
1435 524 1443 542 .
1936 535 1941 543 ,
2006 533 2016 551 ,

223 558 306 635 esu,
339 567 373 622 at
402 557 497 706 ¹(prod
517 557 605 662 naec
627 574 774 640 persam
795 555 983 678 immediate
1003 555 1047 621 stt
1069 573 1146 619 eun
1248 524 1472 637 Responsio
1503 522 1559 606 ad
1589 523 1794 635 quaedam
1823 537 2073 637 argumenta

140 652 213 711 ΒΜ
235 656 270 709 et
291 652 392 726 caput
432 640 702 728 oclwae'qm
712 661 842 727 semp&
867 661 899 707 εἰ
919 641 1028 720 adest'
1052 660 1125 707 m
1261 705 1444 795 Postquam
1466 719 1577 772 autem
1604 707 1704 773 certis
1735 719 1769 775 et
1795 705 1980 775 illustribus
2010 710 2156 776 testimo·

1174 795 1239 859 niis
1260 814 1343 861 vera
1369 795 1523 859 doctrina
1555 794 1597 858 de
1620 791 1754 859 Christo
1788 795 1982 861 cottiirmata
2005 809 2081 876 est,
2107 808 2156 863 te·

226 897 380 967 Micheae
399 899 432 966 5.
468 898 694 988 Egressiones
713 899 783 966 eius
806 911 884 965 ente
906 900 978 965 dies
1000 900 1123 965 mundi.
1175 881 1306 946 119ηᾶ88
1335 890 1414 947 ⁵¹1¹¹l
1442 881 1541 944 “lam
1567 881 1766 965 1018110110
1787 883 2026 987 ΐθθΡθΜῑθΰθῤ
2048 883 2094 948 ⁸⁴1
2113 904 2157 951 ⁰⁸

139 987 216 1055 Hoc
248 987 470 1052 testimonium
498 988 564 1052 etsi
598 989 700 1052 breve
733 996 797 1066 est,
836 997 946 1051 tamen
977 982 1125 1051 atutmat
1175 987 1262 1072 ‘lm
1284 967 1587 1071 ⁰⁰¹}lfflfleflm0m
1605 979 1833 1053 ⁰P1l⁰¹l¹¹¹¹lllf²
1854 970 1908 1035 ΑΟ
1924 988 2064 1034 mam
2079 988 2156 1056 ῬΘ-

140 1073 300 1141 Messium
323 1072 428 1138 fuisse
446 1084 525 1137 ante
548 1074 751 1138 creationem
772 1074 894 1137 mundi.
937 1070 1000 1136 Est
1021 1072 1124 1159 igitur
1176 1072 1271 1119 ⁰¹⁰⁸&
1291 1055 1435 1119 ⁰b¹0⁰l¹⁰
1457 1062 1525 1118 0⁵2²

140 1172 295 1227 aeternus
317 1169 351 1225 et
383 1158 490 1224 Deus.
536 1158 649 1233 Quare
682 1169 717 1222 et
747 1169 870 1224 norunt
902 1178 978 1223 eum
1009 1170 1124 1243 patres
1461 1213 1469 1231 ,
1503 1213 1512 1231 ,
1798 1216 1807 1234 ,

141 1248 185 1313 ab
211 1248 318 1321 initio,
351 1258 384 1311 et
417 1246 541 1310 adesse
573 1265 647 1310 eum
669 1242 846 1311 Ecclesiae
874 1246 1056 1324 sciverunt,
1091 1255 1125 1309 et
1235 1214 1392 1299 Natura
1429 1213 1568 1317 lelssfl
1603 1241 1687 1298 non
1724 1228 1894 1327 panem,
1938 1245 2023 1300 non
2064 1246 2156 1301 mo-

141 1354 216 1399 eum
233 1335 487 1411 invocaverunt,
509 1342 547 1399 ut
568 1341 707 1418 apparet
740 1332 774 1397 in
806 1331 999 1416 precatione
1021 1330 1123 1397 laceb
1295 1335 1406 1439 fitur,

141 1439 245 1506 supra
266 1419 416 1484 rectam.
1238 1453 1423 1540 Christus
1454 1466 1518 1538 est
1546 1466 1742 1562 mortuus,

174 1627 177 1633 ·
228 1588 415 1656 Psalmdb·
459 1587 503 1653 Et
524 1590 741 1673 concupiscet
761 1609 821 1656 rex
844 1592 999 1656 decorem
1020 1598 1124 1668 tuum,
1234 1576 1344 1689 Ergo
1375 1605 1459 1660 non
1489 1588 1552 1659 est
1582 1576 1706 1660 Deus.
1805 1650 1812 1665 .

141 1678 219 1767 quia
240 1679 314 1763 ipse
337 1686 390 1741 est
411 1673 506 1741 Dens
528 1687 618 1754 tuus,
641 1685 676 1740 et
697 1677 855 1743 adorabis
877 1697 962 1741 cum.
1006 1675 1068 1741 llic
1090 1685 1124 1740 et
2036 1718 2039 1724 ·

141 1765 294 1830 adoratio
317 1773 364 1827 et·
372 1763 560 1845 proprietas
576 1764 736 1847 competit
746 1774 885 1828 naturae
897 1761 1123 1848 omnipotenti.
1261 1758 1450 1844 Responsio
1472 1759 1515 1822 ad
1537 1760 1698 1825 minorem
1719 1780 1800 1824 vera
1823 1772 1857 1825 et
1877 1762 2071 1827 necessaria
2092 1775 2154 1830 est.

40 1855 44 1861 ⁴
140 1850 185 1917 Et
218 1848 328 1916 duleis
357 1845 545 1915 consolatio
578 1859 648 1926 est,
682 1871 757 1915 cum
790 1847 964 1915 Ecclesiae
992 1848 1123 1932 species
1175 1844 1328 1911 Christus
1351 1859 1502 1910 mortuus
1524 1859 1578 1910 cst
1598 1846 1781 1911 secundum
1802 1860 1954 1912 naturam
1965 1847 2154 1932 humanam,

140 1948 277 2024 psopter
299 1934 535 2012 infirmitatem,
561 1954 712 2015 crucem,
736 1947 769 2001 et
791 1932 951 2001 seandala
972 1935 1124 1999 videatur
1174 1933 1261 1997 sicut
1281 1931 1403 1996 Petrus
1430 1932 1551 2016 inquit,
1584 1929 1753 1998 Christum
1774 1952 1910 2018 passum
1933 1954 2013 1999 esse
2040 1957 2153 2018 carne,

142 2020 301 2091 deformis
330 2026 430 2087 esse:¹
457 2031 567 2085 tamen
595 2019 717 2086 Psalm.
739 2025 861 2109 inquit,
894 2021 992 2087 Hunc
1009 2040 1122 2105 regem
1175 2033 1208 2083 et
1229 2023 1385 2085 irenaeus
1406 2017 1460 2100 pie
1482 2028 1515 2081 et
1537 2019 1665 2084 erudita
1687 2020 1767 2085 dicit
1786 2040 1873 2107 pag..
1889 2019 1961 2086 185.
1984 2020 2156 2090 Christum

141 2106 301 2177 &leotari
322 2105 568 2194 pulchritudine
589 2106 772 2173 Ecclesiae.
816 2107 889 2173 Rex
907 2109 1124 2192 concupiscet
1176 2104 1369 2171 crucifixum
1391 2117 1424 2168 et
1437 2115 1603 2169 mortuum
1625 2124 1705 2170 esse
1725 2109 1956 2192 requiescente
1978 2110 2096 2188 verbo,
2118 2122 2157 2175 ut

141 2197 295 2263 &eorem
319 2206 420 2259 tunm.
452 2191 515 2257 Est
532 2194 617 2258 enim
640 2192 780 2279 pulchra
803 2215 915 2259 coram
934 2194 1022 2278 ipso,
1046 2192 1122 2276 quia
1175 2189 1323 2276 crucifigi
1347 2201 1381 2254 et
1408 2190 1493 2255 mori
1513 2203 1641 2276 posset,
1664 2193 1698 2256 id
1720 2204 1791 2273 est,
1815 2204 1933 2258 natura
1956 2195 2065 2260 divina
2087 2218 2155 2261 non

139 2304 208 2350 non
230 2294 282 2348 est
303 2275 531 2357 idololatrica,
553 2281 614 2359 sed
637 2282 756 2344 retinet
767 2277 998 2365 Evangelium,
1020 2299 1124 2364 agno·
1175 2287 1227 2342 est
1249 2279 1379 2362 quidem
1402 2276 1552 2342 lacerata
1571 2288 1629 2342 aut
1649 2289 1791 2359 mortua,
1813 2281 1874 2344 sed
1896 2281 2031 2366 quievit,
2053 2284 2156 2347 cessit

141 2370 207 2433 ecit
238 2380 272 2434 et
293 2368 427 2432 invocat
452 2384 569 2429 verum
605 2365 714 2431 Deum
747 2367 820 2431 siue
849 2363 1059 2441 idololatria,
1089 2374 1125 2429 et
1175 2365 1245 2429 irae
1266 2364 1393 2427 aeterni
1414 2362 1524 2426 Patris
1547 2364 1711 2429 adversus
1737 2377 1911 2448 peccatum
1940 2369 2074 2455 generis
2095 2367 2156 2434 hu·

141 2455 312 2521 huicvero
324 2451 399 2517 Deo
416 2452 475 2516 des
500 2463 620 2517 onsata
636 2463 688 2517 est
706 2451 783 2531 fide,
806 2465 840 2517 et
856 2463 908 2518 est
925 2448 1125 2517 domicilium
1175 2451 1281 2529 mani,
1310 2469 1378 2513 non
1401 2459 1455 2513 est
1480 2469 1543 2514 usa
1566 2469 1628 2513 sua
1651 2453 1816 2533 potentia,
1833 2472 1902 2517 non
1923 2456 2053 2518 exeruit
2074 2474 2157 2521 suas

142 2524 349 2607 ettem'lum
358 2537 434 2603 Dei.
468 2470 553 2602 Eum
573 2539 675 2623 igitur
696 2538 730 2603 in
753 2559 794 2605 ea
816 2541 860 2604 sit
880 2535 950 2616 lux,
971 2534 1126 2604 videlicet
1175 2538 1281 2614 virae,
1312 2546 1349 2628 et*
1373 2532 1479 2600 voluit
1510 2534 1598 2600 hanc
1626 2538 1848 2605 obedientiam
1874 2549 1908 2604 et
1929 2537 2156 2621 hntrrilitatem,

141 2647 243 2694 verus
257 2562 356 2691 heus
370 2636 404 2689 et
417 2623 543 2711 agnitio
562 2626 636 2689 veri
648 2623 725 2704 Dei,
748 2637 801 2690 est
822 2622 977 2710 pulchra,
999 2623 1126 2695 ebantsi
1175 2642 1242 2708 qua
1264 2622 1393 2707 quidem
1416 2623 1575 2687 maiorem
1597 2619 1812 2692 humilitatem
1835 2628 1978 2691 ostendit
2001 2647 2082 2714 erga
2101 2649 2155 2703 ae·

141 2715 176 2780 itt
195 2713 261 2779 hcc
283 2707 414 2776 mortali
437 2719 556 2776 natura
575 2710 686 2776 adbuc
707 2722 787 2775 sunt
813 2709 875 2775 reli
898 2712 974 2776 uiae
994 2711 1126 2797 peccati
1175 2721 1305 2774 ternum
1335 2705 1485 2786 Patrem,
1517 2727 1617 2794 quam
1646 2707 1716 2774 ulla
1747 2709 1813 2776 alia
1842 2724 2006 2778 creatura.
2050 2712 2155 2779 lluius

129 2795 178 2866 'et
195 2796 389 2882 multiplicia
411 2794 553 2861 vulnera
581 2808 615 2861 et
636 2794 797 2863 scandala
819 2732 1010 2864 aethestan
1036 2795 1125 2863 lece-
1176 2790 1351 2860 solutionis
1379 2794 1436 2858 hic
1458 2791 1535 2859 fons
1558 2807 1627 2874 est,
1659 2817 1733 2862 eum
1756 2798 1788 2860 in
1812 2796 1947 2864 Christo
1970 2800 2039 2865 siat
2067 2798 2158 2865 duae

141 2897 227 2953 rant.
271 2883 368 2950 lleuc
398 2880 662 2949 consolationem
685 2881 887 2950 deformitati
908 2894 1045 2949 nostrae
1068 2903 1125 2967 op·
1175 2894 1332 2961 naturae,
1365 2881 1527 2966 quaedam
1554 2883 1689 2966 propria
1710 2884 1767 2948 uni
1799 2897 1941 2968 naturae
1966 2906 2034 2953 non
2055 2889 2158 2969 impe·

141 2991 323 3059 ponamuS,
352 2980 386 3035 et
412 2967 574 3035 laetemur
598 2990 663 3034 nos
690 2991 768 3035 esse
794 2971 827 3035 in
855 2991 938 3035 vero
958 2968 1125 3048 Ecclesia,
1177 2968 1280 3046 diunt,
1303 2968 1490 3054 quominus
1504 2980 1538 3032 et
1555 2965 1662 3039 altera
1678 2981 1798 3036 natura
1815 2973 1914 3049 adsit,
1935 2983 1972 3036 ut
1989 2974 2159 3058 proprium

142 3079 229 3144 quae
252 3077 366 3122 coram
387 3054 463 3119 Deo
485 3053 626 3140 pulchra
648 3067 717 3135 est,
747 3075 816 3121 non
837 3068 892 3120 eat
913 3054 1126 3121 idololatriae
1177 3065 1230 3118 est
1241 3055 1406 3120 humanae
1422 3066 1573 3133 naturae,
1591 3055 1703 3135 edere,
1720 3057 1875 3136 dormire,
1893 3059 2031 3139 esurite,
2051 3060 2156 3126 sitire.

141 3157 179 3210 ut
222 3144 356 3229 agmina
394 3139 721 3220 blahometistarum,
767 3141 991 3226 Papistarum,
1034 3143 1126 3207 Ana·
1175 3139 1268 3204 llaec
1290 3160 1356 3204 non
1378 3140 1570 3221 impediunt,
1594 3143 1781 3227 quominus
1798 3145 1887 3209 adsit
1901 3146 2157 3226 divinamtura,

54 3276 61 3285 ·
143 3231 375 3317 baptistarum,
398 3238 432 3290 et
452 3224 630 3291 multorum
652 3226 883 3293 fanaticorum.
1176 3226 1254 3312 quia
1275 3238 1414 3290 naturae
1441 3227 1583 3291 retinent
1611 3247 1691 3293 snas
1720 3231 1958 3313 proprietates:
1985 3232 2043 3297 Sic
2069 3233 2158 3301 lace·

341 3372 354 3381 ,,
1176 3312 1243 3376 rari
1261 3313 1419 3390 membra,
1441 3314 1522 3397 pati,
1544 3315 1640 3393 mori,
1662 3317 1798 3400 propria
1816 3329 1895 3381 suut
1918 3316 2082 3383 humanae
2099 3338 2158 3383 na·

110 3411 114 3415 ’
228 3362 354 3465 Psalm.
367 3397 420 3462 72.
451 3399 530 3464 dicit
550 3396 710 3463 Messium
733 3399 968 3484 sempiternum
990 3418 1070 3465 esse
1091 3410 1127 3464 et
1176 3410 1282 3476 turae,
1304 3419 1367 3463 nec
1384 3400 1579 3483 impediunt,
1604 3421 1670 3486 quo
1681 3403 1789 3466 minus
1803 3404 1891 3467 adsit
1903 3405 2014 3470 divina
2025 3417 2157 3484 natum,

143 3508 276 3574 semper
297 3484 513 3551 adorandum.
558 3485 635 3550 Fuit
656 3504 778 3550 nomen
801 3488 872 3550 eius
894 3504 1026 3572 scrrtper
1047 3498 1126 3552 ente
1176 3485 1445 3568 sicutexpresse
1468 3486 1679 3552 dictumest:
1713 3485 1787 3572 Ego
1816 3487 1926 3553 babeo
1956 3500 2166 3574 potestatem·

143 3572 261 3652 solem,
287 3583 321 3637 et
343 3572 580 3637 benedicentur
601 3573 634 3636 in
657 3592 699 3636 eo
721 3591 837 3637 ouantes
861 3584 991 3659 gentes.
1035 3576 1125 3653 item,
1176 3591 1303 3657 ponere
1323 3573 1464 3635 animam
1487 3584 1520 3636 et
1541 3592 1659 3637 rursus
1682 3594 1756 3637 eam
1777 3593 1926 3639 sumeret
1948 3576 2033 3640 Nam
2056 3588 2089 3642 tt
2105 3578 2157 3642 sic

143 3662 320 3727 'limabant
348 3678 442 3737 eum,
476 3659 583 3723 donec
612 3667 709 3723 erunt
730 3656 794 3725 Sol
821 3670 855 3723 et
880 3658 987 3724 Luna.
1031 3658 1124 3737 item,
1177 3658 1335 3723 assumsit
1357 3658 1531 3723 humanam
1553 3670 1717 3738 naturam,
1740 3670 1774 3724 et
1794 3662 1846 3725 sie
1867 3663 1971 3727 induit
1989 3662 2158 3727 infirmita·

143 3747 345 3813 Adorabunt
367 3764 442 3815 eum
465 3765 580 3810 omnes
603 3743 727 3831 Reges.
771 3745 833 3810 llic
857 3743 1014 3809 Psalmns
1035 3742 1126 3809 affir·
1176 3755 1259 3823 tem,
1296 3757 1334 3808 ut
1364 3766 1430 3825 non
1453 3759 1602 3809 maneret
1627 3747 1659 3809 in
1687 3756 1807 3810 morte.
1852 3747 1950 3812 lianc
1976 3768 2157 3834 personam

143 3829 382 3898 mathlessiam
404 3842 573 3896 aeternum
603 3851 679 3895 esse
708 3831 784 3896 item
808 3831 1013 3896 adorandum
1035 3851 1124 3896 esse.
1176 3826 1280 3894 voluit
1300 3842 1457 3894 aeternus
1480 3830 1581 3896 Pater
1599 3851 1676 3896 esse
1698 3833 1882 3913 victimam,
1906 3848 1940 3900 et
1962 3836 2158 3920 quiescente

144 3918 218 3984 liae
239 3927 317 3981 sunt
337 3918 557 4001 proprietates
578 3914 663 3995 Dei,
691 3928 725 3982 et
746 3913 941 4004 intelligitur
962 3919 1126 3997 adoratio,
1176 3918 1281 3981 uerbo
1314 3918 1415 3999 mori,
1448 3918 1632 3982 secundum
1655 3938 1728 3982 eam
1755 3930 1924 4001 naturam,
1958 3942 2045 4008 quae
2072 3922 2158 3986 mori

143 4024 212 4083 non
235 4004 278 4067 de
300 4012 437 4066 externo
461 4014 559 4086 gestu
582 4005 734 4088 eorporis
756 4015 893 4075 tantum,
917 4007 974 4089 qul
990 4002 1126 4070 exhibe·
1176 4014 1316 4087 poterat.
1347 4003 1415 4068 Sed
1426 4000 1532 4068 voluit
1553 4023 1626 4068 oum
1646 4024 1713 4068 non
1728 4024 1864 4070 manere
1879 4007 1913 4071 in
1932 4020 2047 4073 morte.
2074 4006 2157 4073 ldeo

145 4104 198 4157 tur
214 4089 383 4175 praesenti
405 4091 477 4175 regi
499 4107 591 4154 more
612 4086 760 4173 politico,
783 4092 844 4154 sed
867 4091 909 4155 de
931 4092 1126 4156 adoratione
1147 4104 1152 4128 ³
1176 4089 1281 4175 inquit
1302 4087 1509 4153 Athanasius
1530 4110 1609 4178 pag.
1627 4090 1681 4156 28.
1704 4089 1837 4175 Corpus
1858 4097 2036 4173 assumsit,
2063 4094 2159 4179 quod

143 4188 285 4242 naturae
308 4195 407 4260 quam
431 4196 499 4239 non
522 4176 689 4239 cernimus
712 4173 821 4241 oculis
839 4174 1083 4260 corporalibus,
1105 4197 1126 4242 a
1176 4177 1259 4241 mori
1281 4188 1415 4260 posset,
1442 4177 1521 4261 quia
1542 4189 1648 4242 morte
1671 4175 1837 4262 placanda
1858 4192 1930 4245 erat
1951 4181 2002 4245 ira
2029 4180 2158 4245 aeterni

115 4265 367 4367 ,quepetimus
380 4263 480 4340 bona,
502 4281 588 4348 quae
609 4280 675 4325 non
697 4272 840 4347 possunt
861 4263 933 4328 dari
954 4284 976 4327 a
998 4275 1126 4329 oreatu-
1176 4260 1296 4329 Patris.
1342 4260 1479 4327 Manere
1510 4274 1621 4328 autem
1654 4265 1685 4327 in
1719 4275 1828 4349 morte
1860 4263 1921 4330 iuit
1950 4263 2158 4353 impossibile

142 4367 202 4427 ns,
224 4368 323 4434 quam
345 4347 543 4412 confitemur
565 4348 646 4412 dare
667 4349 779 4426 vitam,
803 4349 957 4414 iustitiam
979 4361 1013 4415 et
1036 4347 1126 4415 salu·
1176 4360 1314 4433 propter
1334 4350 1457 4413 unitam
1490 4360 1641 4414 naturam
1664 4351 1826 4430 divinam,
1881 4373 1945 4417 uae
1972 4353 2056 4418 mori
2088 4372 2159 4418 non

143 4446 219 4500 tem.
263 4432 307 4498 Et
327 4433 360 4500 in
382 4432 449 4498 boc
472 4435 481 4497 i
505 4453 545 4498 so
562 4432 698 4498 Psalmo
721 4434 772 4498 sic
794 4430 985 4500 declaratur
1007 4435 1125 4501 adora·
1176 4446 1317 4520 poterat.
1382 4432 1575 4499 'l'eneantur
1614 4447 1723 4501 autem
1763 4436 1830 4503 hoc
1858 4373 1955 4504 loco
1984 4440 2080 4504 modi·
2105 4436 2158 4502 lo-

143 4521 201 4598 tio,
219 4519 297 4606 quia
319 4519 463 4585 aliirmat
482 4456 573 4587 hunc
595 4518 721 4608 Regem
744 4522 890 4587 tribuere
911 4522 1016 4601 bona,
1038 4507 1126 4609 quae
1177 4520 1298 4607 quendi
1331 4521 1364 4584 in
1392 4519 1563 4601 Ecclesia,
1595 4524 1686 4588 bono
1712 4523 1839 4599 iudicia
1864 4525 2018 4589 distincti.
2062 4525 2159 4593 Haec
2266 4548 2275 4605 ‘.

144 4618 318 4673 creatum
339 4606 420 4671 dare
441 4627 509 4671 non
530 4618 684 4692 possunt
717 4605 842 4692 Eripiet
858 4626 1048 4692 pauperem,
1072 4610 1124 4674 cui
1175 4607 1361 4692 propositio
1383 4627 1449 4672 non
1473 4620 1527 4672 est
1548 4588 1685 4694 recdpta
1712 4611 1753 4673 in
1768 4607 1938 4690 Ecclesia,
1959 4611 2086 4677 Natura
2108 4612 2158 4678 di·

142 4710 211 4757 non
233 4703 287 4756 est
307 4693 457 4770 adiutor,
480 4693 560 4759 dicit
581 4690 680 4758 talem
703 4713 780 4759 esse
801 4691 1046 4778 opitulatorem,
1068 4695 1124 4781 qui
1176 4694 1254 4759 vina
1275 4695 1431 4772 moritur,
1464 4692 1550 4767 Quia
1577 4698 1610 4760 in
1633 4698 1805 4762 abstracte
1833 4710 1952 4762 natura
1974 4699 2159 4765 secundum
2222 4720 2232 4745 ·-

144 4777 298 4844 desertos
320 4779 363 4842 ab
386 4781 539 4844 omnibus
562 4781 725 4846 creaturis
747 4793 873 4861 servat,
895 4792 933 4845 ut
949 4792 1126 4848 servantur
1176 4799 1216 4845 se
1237 4780 1485 4857 consideratur,
1504 4801 1578 4853 ⁴non
1600 4780 1889 4868 comprehenditur
1909 4803 2069 4869 persona.
2113 4782 2159 4851 Et

143 4862 253 4930 Adam
274 4874 309 4929 et
329 4861 403 4930 Era
424 4865 548 4932 deserti
564 4868 608 4932 ab
627 4868 779 4932 omnibus
800 4867 973 4934 creaturis.
1177 4876 1327 4932 salutm
1360 4879 1426 4931 tam
1460 4886 1580 4933 severe
1607 4869 1788 4935 custodivit
1821 4868 1919 4935 bunc·
1940 4871 2075 4936 modum
2106 4867 2158 4937 lo-

1176 4953 1317 5039 quendi,
1349 4962 1385 5018 ut
1411 4954 1583 5021 decretum
1611 4965 1702 5021 extet
1728 4956 1816 5022 inter
1837 4968 1990 5022 caeteras
2013 4977 2034 5021 o
2059 4957 2157 5022 tiaras

1175 5039 1370 5118 mutandas,
1392 5040 1425 5104 in
1447 5037 1576 5105 libroil.
1609 5038 1808 5127 'l'ripartitae
1830 5043 2002 5109 historiast
2051 5043 2162 5131 'qais

1176 5123 1272 5206 dicit,
1304 5125 1393 5211 qaod
1414 5126 1449 5191 in
1471 5127 1629 5214 passione
1652 5129 1762 5195 erucis
1785 5126 1934 5195 dolorem
1962 5129 2158 5197 sustinuerit
