4628 5588
169 188 234 256 127
804 188 919 277 Puri..
941 187 1045 255 MEL.
1063 186 1253 258 sctum
1269 188 1551 259 boemanos.
2118 195 2183 264 128

169 379 375 445 conscicntia
397 394 587 467 agnoscens
634 391 752 443 cecata
772 397 846 459 sua,
870 399 938 443 nou
959 380 1060 444 audet
1075 399 1150 463 spe·
1286 379 1373 444 Vlll.
1408 379 1561 467 Pugnant
1584 403 1659 446 curu
1681 381 1747 445 hoc
1768 395 1948 466 praecepto
1971 394 2004 446 et
2028 381 2181 467 blasphe-

166 482 243 530 rare
267 475 301 529 et
321 477 435 548 petere
459 466 588 529 bonaa
644 485 695 549 eo.
740 465 819 530 ldeo
847 484 990 530 necesse
1013 478 1065 530 cst
1087 468 1151 531 sci·
1172 472 1175 543 ἓ
1200 468 1298 545 miae,
1322 465 1497 530 maledicta
1518 469 1681 532 adversus
1704 466 1831 546 Deum,
1867 481 2048 553 quaesunt
2075 469 2177 547 varia,

167 570 224 630 re,
258 553 347 635 quod
382 557 518 636 prop'ter
539 548 709 615 Christum
732 552 833 615 Pater
865 554 910 616 sit
930 554 1094 637 propitius
1116 564 1150 616 et
1172 610 1176 623 .
1199 564 1236 617 nt
1257 569 1431 617 sermones
1454 551 1620 636 Epicurei,
1653 554 1773 638 quibus
1805 555 1895 637 impii
1926 565 1961 618 et
1993 557 2104 620 securi
2127 575 2180 620 su·

167 638 324 725 ignoscat
345 638 454 716 nobis,
478 639 567 723 quod
590 649 726 721 propter
750 638 857 722 ipsum
880 651 971 703 certo
994 641 1148 702 exaudia·
1200 642 1303 722 perbe
1325 639 1476 704 derident
1497 638 1617 716 Deum,
1641 652 1674 703 et
1696 640 1843 704 iudicant
1863 636 2082 725 Evangelium
2103 660 2183 707 esse
2257 648 2263 659 ‘

167 744 253 802 mur,
275 735 309 788 et
329 724 418 810 quod
440 724 514 808 ipse
536 724 580 788 sit
600 720 767 807 pontifex,
801 726 856 809 qui
878 726 946 789 inte
988 720 1067 787 ellat
1088 745 1149 810 pro
1200 723 1398 790 fabulosum.
1443 724 1522 788 ltem
1545 723 1720 791 maledicta
1743 725 1997 811 Hypocu‘tarum
2018 728 2181 793 adversus
2234 720 2238 731 ’

166 811 285 888 uobis,
319 821 352 874 et
384 822 519 875 nostras
541 829 663 894 preces
685 831 718 874 or
731 823 781 874 ert
803 811 905 875 Patri.
982 832 1043 875 aec
1065 809 1149 876 fides
1199 833 1315 878 verum
1337 811 1456 889 Deum,
1479 823 1512 874 et
1535 831 1635 876 veros
1658 809 1857 889 cultusDei,
1879 823 1915 875 ut
1935 813 2055 896 impiae
2077 832 2181 878 voces

166 895 201 960 in
224 895 393 960 Cluistum
410 898 444 960 in
466 899 618 961 oratioue
639 897 792 961 addenda
815 907 881 974 est,
903 898 949 961 ita
971 908 1004 961 et
1025 897 1080 961 hic
1103 898 1150 962 vi·
1202 896 1387 963 Pharaonis
1410 908 1442 961 et
1464 896 1648 976 RabsaciS,
1682 910 1715 962 et
1736 896 1995 963 Pharisaeorum
2016 900 2181 965 adversus

168 982 296 1061 demus,
313 980 422 1069 legem
440 1000 510 1047 vnon
534 982 606 1048 fieri
628 984 701 1048 sine
724 981 869 1047 Christo.
1200 983 1370 1048 Christum
1403 981 1653 1066 etApostolos.
1699 984 1778 1047 ltem
1801 983 1977 1048 maledicta
2002 986 2181 1068 desperan-

1173 1076 1176 1145 !
1200 1071 1292 1134 tium.
1322 1068 1476 1154 Denique
1498 1090 1616 1134 ornnes
1639 1089 1824 1148 sermones,
1849 1072 1968 1155 quibus
1992 1073 2182 1135 concutitur

255 1171 445 1237 Gratiarum
477 1173 565 1237 actio
599 1184 650 1236 est
684 1183 821 1238 extem&
841 1168 1029 1256 professio,
1065 1192 1150 1257 quae
1173 1156 1176 1189 Ι
1201 1156 1286 1220 fides
1314 1159 1347 1219 lll
1374 1155 1530 1233 infirmis,
1566 1167 1599 1218 Ol
1620 1153 1824 1220 ileOl'lllililll'
1847 1153 1955 1243 gloria
1977 1155 2064 1232 Del,
2093 1158 2181 1223 Slsslll

167 1260 267 1324 etjam
290 1260 395 1323 oritur
417 1257 460 1323 ἐχ
480 1259 587 1343 primo
609 1270 801 1343 praecepto,
829 1256 914 1323 Nam
938 1279 1040 1343 suppa
1056 1279 1150 1342 pi'ssfl·
1200 1241 1266 1306 hoc
1299 1254 1451 1345 ielllROPO
1483 1240 1634 1305 homines
1668 1238 1780 1306 callidi
1815 1264 1916 1327 saepe
1927 1240 2090 1307 'alienant
2112 1244 2181 1307 Uli·

170 1345 305 1430 cipitur,
339 1355 376 1409 ut
408 1364 501 1409 mens
524 1343 819 1431 agnose-atheum
842 1364 921 1408 esse
944 1344 1148 1424 Cl‘elel'Olll,
1199 1348 1273 1393 mos
1306 1328 1473 1432 llOillllllllll
1502 1329 1545 1391 ab
1573 1325 1758 1412 Evangflllo
1793 1327 1965 1419 calumniis
1998 1325 2180 1392 lll'llfisslOSB
2218 1384 2221 1388 .

169 1427 392 1509 Salvatorem,
425 1440 458 1495 et
480 1442 630 1497 autorem
649 1433 790 1497 omnium
806 1432 981 1509 bonorum,
1003 1429 1056 1495 Ac
1073 1440 1150 1514 pro·
1200 1425 1407 1502 0X⁰⁰g¹t⁸i1⁸·
1953 1450 1957 1457 “

168 1528 284 1622 pterea
312 1518 425 1582 deberi
450 1519 480 1581 ei
503 1518 733 1604 gratitudinem
757 1528 790 1583 et
812 1516 1042 1581 obedientiam.
1087 1515 1150 1582 llic

205 1614 271 1668 ¹th
302 1605 503 1688 praecipitur
530 1615 666 1669 exiefflfl
688 1603 890 1688 Pl'fledlfflfl0
914 1602 1149 1667 b⁰ss⁰fi⁰l⁰f¹¹¹ss
1289 1619 1347 1683 lX.
1375 1617 1511 1682 Violant
1534 1619 1715 1703 secundum
1737 1629 1950 1702 praeceptum
1973 1630 2005 1683 et
2026 1619 2181 1703 periuria,

204 1689 249 1767 ei,
284 1702 321 1760 ut
342 1688 428 1755 &15⁰⁵
450 1692 647 1769 invitemus,
679 1702 715 1754 ut
737 1700 770 1755 θῑ
791 1689 854 1773 ipsi
876 1688 1149 1793 Sflssilsssslpellm
1200 1707 1339 1791 primum
1373 1707 1450 1791 quia
1483 1717 1617 1768 utuntur
1650 1705 1782 1768 nomine
1803 1703 1886 1782 Dei,
1919 1724 1995 1768 cum
2027 1716 2180 1789 peccent,

168 1795 245 1880 ⁰⁵⁵?
259 1775 467 1881 Creatorem,
489 1774 712 1882 Sfllvawsems·
733 1788 883 1880 {lumem
900 1774 1148 1855 b0¹¹⁰fi0¹⁰¹l¹¹¹¹a
1199 1803 1372 1877 praetextu
1407 1792 1547 1855 nominis
1581 1791 1681 1855 divini
1706 1801 1869 1854 conantur·
1892 1802 2007 1874 tegere
2029 1804 2180 1874 peccata.

169 1873 626 1947 0t¹¹¹⁰¹P¹st¹¹i01¹¹¹¹i1ffl0r⁰2
649 1875 682 1929 θῑ
703 1858 750 1927 ῙῙῙΙ
773 1863 921 1927 credere·
1201 1880 1378 1956 Secundo,
1412 1900 1486 1943 cum
1509 1877 1603 1940 Dens
1633 1877 1676 1940 ibi
1699 1889 1854 1961 tanquam
1877 1877 1974 1939 testis
1996 1878 2181 1953 invocetur,

739 1995 744 2002 ·
1199 1966 1352 2049 periurus
1373 1961 1475 2029 laedit
1497 1960 1636 2048 gloriam
1659 1961 1740 2045 Dei,
1774 1963 1850 2047 quia
1895 1974 2032 2027 uantum
2053 1962 2183 2044 inipso

255 2049 462 2116 Glorificatio
485 2063 548 2129 est,
568 2054 675 2116 vitare
698 2050 921 2138 blasphemias
934 2047 1150 2129 etscandala,
1200 2063 1264 2128 est,
1297 2049 1405 2114 Deum
1437 2048 1516 2113 iacit
1548 2047 1670 2112 salsum
1703 2059 1831 2112 testem.
1911 2049 1994 2111 ertio
2027 2048 2183 2131 periurus

169 2148 202 2202 et
213 2134 340 2201 referre
362 2156 478 2201 omnes
490 2139 640 2202 actiones
653 2157 705 2216 eo,
718 2149 754 2202 ut
767 2136 917 2221 exempla
927 2149 1042 2202 nostra
1054 2158 1149 2222 prae·
1201 2136 1292 2200 clare
1321 2134 1494 2219 profitetur
1516 2155 1555 2199 se
1578 2148 1791 2199 contemnere
1813 2134 1968 2198 iudicium
1991 2131 2073 2211 Dei,
2128 2132 2185 2197 uia

168 2219 302 2287 luceant
324 2220 411 2301 aliis,
433 2224 573 2288 invitent
590 2244 648 2287 eos
672 2224 714 2287 ad
737 2227 908 2307 pietatem,
938 2235 1055 2288 ornent
1078 2220 1150 2308 glo·
1200 2224 1313 2286 iurans
1347 2223 1548 2305 imprecatur
1581 2222 1644 2284 sihi
1678 2221 1759 2284 iram
1782 2219 1864 2296 Dei,
1898 2220 1927 2282 si
1950 2216 2053 2285 fallat.
2151 2238 2184 2284 m
2299 2305 2303 2312 .

169 2310 250 2373 riam
273 2307 357 2386 Dei,
391 2310 531 2375 reddant
561 2312 741 2395 gratiorem
775 2324 806 2375 et
839 2311 1150 2375 courrrrerrdatiorem

169 2395 365 2471 doctrinam,
389 2395 474 2460 sicut
496 2397 658 2480 praecipit
671 2394 843 2462 Christus:
864 2396 992 2462 Luceat
1013 2395 1070 2460 lux
1093 2415 1150 2460 ve·

169 2492 241 2545 stra
263 2502 375 2546 coram
397 2481 596 2548 hominibus.

212 2874 421 2944 PECCATA
444 2875 628 2944 CONTRA
648 2875 895 2947 SECUNDUM
916 2875 1106 2943 PRAECE·

294 3012 297 3017 ⁴
593 2997 728 3064 P'l‘UM.

255 3304 279 3371 l.
314 3305 473 3371 Omittere
506 3307 751 3372 invocationem
783 3305 865 3384 Dei,
904 3318 935 3370 et
970 3307 1176 3392 gratiarum-

168 3393 342 3458 actionem.

255 3564 294 3629 ll.
340 3564 503 3631 lnvocare
524 3562 614 3630 idola
636 3576 670 3629 et
691 3574 838 3630 sanctos.
1172 3570 1176 3643 1

255 3735 308 3798 lll.
354 3735 488 3802 Falsum
511 3737 695 3801 doctrinam
717 3753 877 3821 spargere
889 3745 946 3798 aut
957 3731 1148 3812 defendere,

78 3890 100 3929 ι,
169 3832 204 3887 et
224 3841 337 3887 veram
355 3822 548 3906 depravare,
571 3821 777 3901 calumniari,
800 3824 993 3887 obscurare.
1172 3856 1176 4025 1

255 4167 297 4230 V.
341 4164 418 4230 Non
440 4163 591 4230 confiteri
612 4186 728 4232 veram
747 4166 941 4244 doctrinam,
964 4185 1040 4230 cum
1050 4164 1150 4229 inter·

169 4272 336 4339 rogamur.

256 3991 324 4057 llll.
369 3991 490 4077 lmpios
513 3990 623 4061 cultus
647 3996 819 4063 instituere
841 4006 899 4059 aut
920 3994 1071 4058 retinere.

143 4432 171 4463 '⁴
212 4509 235 4574 t·
254 4420 312 4488 Vl.
356 4422 433 4489 Non
455 4424 576 4488 docere
596 4419 825 4509 Evangelium,
848 4424 904 4490 ubi
925 4368 1072 4511 postrdat
1092 4442 1150 4487 vo-

170 4529 212 4574 ca
225 4529 267 4574 ro.

256 4677 325 4746 Vll.
371 4680 447 4745 Non
475 4678 654 4746 consulere
675 4682 853 4785 ambigenti
873 4678 1065 4757 Ecclesiae,
1087 4698 1152 4744 nec

170 4763 352 4831 diiudicare
373 4768 549 4852 ambiguas
572 4779 841 4845 controversias,
874 4769 904 4831 si
925 4764 1071 4852 postulet
1093 4788 1152 4829 vo·

172 4851 270 4916 catio.
313 4849 399 4915 Nam
412 4849 488 4916 ‘hoc
510 4863 561 4917 est
581 4854 798 4939 praecipuum
813 4850 1057 4937 Episcoporum
1079 4849 1152 4915 offi-

171 4938 276 5016 cium,
298 4957 433 5016 curare,
465 4950 501 5003 ut
523 4940 741 5006 diiudicentur
763 4940 937 5025 ambiguae
959 4950 1152 5003 controver-

170 5022 249 5089 siae.
295 5020 379 5089 Nam
404 5024 568 5090 dubitatio
591 5039 644 5092 est
665 5023 835 5090 horribilis
858 5023 1052 5091 carnificina
1074 5043 1152 5089 con-

171 5108 408 5189 scientiarum,
435 5120 469 5174 ot
488 5111 577 5196 parit
599 5112 869 5198 desperatlonem
888 5123 922 5177 et
940 5111 1151 5197 impietatem.

1199 2310 1299 2396 igitur
1331 2305 1450 2372 fefellit
1483 2309 1593 2371 sciens
1618 2327 1658 2371 ac
1681 2305 1820 2383 volens,
1854 2301 1963 2389 palam
1987 2304 2183 2389 contempsit

1199 2395 1354 2459 iudicium
1387 2392 1462 2458 Dei.
1519 2392 1617 2456 Hunc
1649 2389 1859 2459 manifestam
1894 2401 2117 2474 contemptum
2151 2401 2184 2454 et

1199 2478 1295 2545 Deus
1317 2482 1426 2564 punit,
1462 2490 1496 2544 et
1525 2480 1646 2543 debent
1664 2476 1759 2564 leges
1781 2477 2031 2563 magistratuum
2053 2476 2182 2561 punire.

1201 2565 1284 2632 Cum
1306 2568 1407 2652 igitur
1428 2576 1494 2630 tam
1517 2562 1621 2629 multa
1642 2576 1779 2649 peccata
1802 2564 1868 2627 sint
1882 2563 1915 2626 in
1926 2563 2083 2646 periurio,
2105 2581 2184 2626 oon·

1200 2653 1341 2717 suetudo
1375 2672 1478 2735 saepe
1511 2651 1639 2715 iurandi
1669 2652 1741 2715 sine
1763 2668 1886 2735 magna
1908 2668 2012 2714 causa
2034 2658 2067 2713 et
2088 2648 2184 2735 gravi

1199 2736 1437 2804 deliberatione
1460 2733 1559 2803 valde
1580 2735 1773 2823 periculosa
1794 2745 1855 2799 est.

1285 2909 1327 2974 X.
1371 2904 1510 2974 Violant
1540 2908 1607 2973 hoc
1638 2916 1851 2992 praeceptum
1884 2917 1918 2971 et
1940 2906 2184 2983 execrationes,

1200 2998 1277 3082 quia
1298 2997 1331 3059 in
1352 2995 1406 3059 bis
1428 2994 1709 3060 invocaturDeus
1730 3003 1847 3058 eontra
1869 3011 1966 3056 suum
1984 2993 2185 3070 mandatum,

1199 3094 1236 3146 ut
1267 3093 1392 3147 noceat
1422 3077 1506 3146 aliis.
1563 3080 1626 3146 llic
1648 3082 1775 3145 abusus
1799 3099 1897 3164 quam
1920 3079 1963 3143 sit
1984 3077 2184 3164 flagitiosus,

1201 3166 1324 3233 clarius
1346 3167 1493 3252 perspici
1514 3178 1637 3251 potest,
1660 3166 1689 3230 si
1714 3166 1946 3244 consideretur
1958 3184 2057 3249 quam
2078 3160 2184 3228 multa

1200 3268 1340 3340 peccata
1362 3254 1482 3318 sintin
1506 3253 1729 3318 execratione.
1762 3253 1907 3316 Primum
1930 3263 1981 3315 est
2002 3251 2184 3315 irreveren-

1201 3342 1256 3404 tia.
1300 3339 1385 3404 Nam
1419 3360 1612 3425 nuncupare
1633 3336 1761 3417 Deum,
1797 3350 1850 3401 est
1882 3333 2183 3402 invocare'Deum.

1200 3424 1262 3489 Est
1295 3439 1406 3491 autem
1429 3424 1524 3490 Deus
1559 3426 1648 3489 serio
1683 3436 1717 3488 et
1738 3443 1858 3507 magna
1880 3423 2070 3489 reverentia
2092 3424 2184 3487 invo-

1202 3513 1341 3577 candus.
1371 3512 1418 3577 lta
1442 3525 1475 3576 et
1497 3532 1617 3576 nomen
1639 3507 1875 3595 appellandum
1897 3521 1950 3572 est
1971 3508 2061 3573 serio
2084 3520 2119 3572 et
2133 3528 2185 3572 re·

1201 3610 1363 3663 verenter.
1409 3595 1608 3683 Plerumque
1642 3595 1778 3661 effundit
1796 3596 2025 3662 execrationes
2053 3594 2185 3659 vanitas

1224 3685 1364 3749 uaedam
1393 3696 1450 3748 aut
1478 3683 1649 3748 iracundia
1677 3684 1751 3745 sine
1772 3682 1969 3746 reverentia.
2015 3679 2186 3757 Secundo,

1200 3706 1297 3835 heus
1329 3791 1398 3834 non
1431 3781 1483 3835 est
1515 3768 1741 3845 invocandus,
1776 3778 1813 3831 ut
1834 3779 1955 3831 noceat
1976 3763 2063 3845 illis,
2098 3785 2185 3853 quos

1200 3857 1370 3941 praecepit
1403 3877 1424 3921 a
1455 3856 1553 3919 nobis
1587 3853 1700 3917 amari.
1745 3852 1813 3916 lam
1845 3848 1967 3916 inillis
1990 3851 2184 3939 vulgaribus

1201 3943 1468 4008 execrationibus
1508 3938 1684 4005 invocatur
1715 3939 1811 4002 Deus
1845 3950 1963 4003 contra
1994 3939 2185 4002 mandatum

1202 4048 1315 4107 suum,
1348 4039 1385 4093 ut
1416 4039 1537 4092 noceat
1558 4023 1636 4102 illis,
1671 4026 1792 4111 quibus
1815 4026 1976 4089 debemus
2000 4025 2088 4089 bona
2134 4042 2185 4088 re·

1201 4115 1281 4179 cari.
1335 4111 1525 4199 Prophetae
1547 4111 1712 4176 interdum
1743 4123 1944 4177 execrantur
1976 4131 2017 4175 ac
2050 4131 2082 4175 m
2117 4110 2184 4174 edi·

1203 4210 1293 4279 cunt,
1316 4201 1378 4265 sed
1400 4212 1526 4265 tantum
1550 4195 1756 4281 blasphemis
1780 4208 1813 4263 et
1826 4198 2016 4275 obstinatis,
2038 4195 2093 4282 qui
2116 4215 2184 4259 nou

1201 4287 1355 4353 desinunt
1377 4285 1531 4370 persequi
1554 4304 1668 4349 veram
1693 4284 1876 4349 doctrinam
1899 4295 1932 4347 et
1949 4302 2050 4348 veros
2063 4278 2183 4347 cultae.

1202 4371 1239 4435 ln
1262 4393 1298 4437 re
1321 4383 1411 4437 tanta
1434 4369 1470 4434 iit
1491 4370 1581 4435 serio
1604 4371 1645 4434 im
1673 4372 1796 4435 recatio
1828 4389 1889 4433 seu
1916 4368 2096 4434 execratio.
2141 4366 2184 4431 Et

1201 4459 1393 4544 magnitudo
1414 4455 1513 4522 huius
1535 4392 1677 4541 exempli
1700 4457 1878 4520 admoneat
1899 4475 1982 4534 nos,
2011 4475 2054 4518 ne
2074 4465 2183 4517 trans·

1202 4541 1347 4609 ieramus
1370 4544 1600 4609 execrationes
1623 4543 1665 4607 ad
1689 4541 1842 4628 vulgaria
1864 4543 2014 4627 negotia,
2049 4539 2127 4625 quia
2149 4537 2184 4602 iu

1201 4651 1267 4696 usu
1299 4630 1476 4779 temlprario
1499 4629 1650 4694 recidunt
1671 4630 1704 4692 in
1727 4638 1826 4713 caput
1848 4626 1937 4705 eius,
1960 4628 2015 4713 qui
2038 4625 2183 4690 abutitur

1202 4736 1334 4781 nomme
1387 4735 1426 4781 er.

1288 4937 1345 5003 Xl.
1390 4935 1527 5004 Violant
1560 4938 1744 5003 secundum
1773 4948 1990 5084 praeceptum
2017 4950 2051 5001 et
2070 4954 2181 5001 mores

1202 5022 1281 5089 mali
1303 5025 1465 5103 omnium,
1494 5044 1635 5110 quorum
1656 5043 1772 5106 exemp
1785 5043 1808 5087 a
1827 5033 1949 5087 nocent
1971 5019 2053 5087 aliis.
2097 5020 2183 5087 'ltem
2272 5098 2278 5103 ,

1201 5108 1388 5176 defomraut
1409 5109 1637 5197 Evangelium.
