4628 5588
41 246 48 253 ,
138 176 204 244 tot

140 363 266 445 oleum,
293 366 327 428 id
350 376 421 444 est,
454 364 563 449 arguit
590 375 783 447 peecatum,
817 376 851 428 et
883 364 976 428 addit
1002 383 1120 428 vocem

138 448 330 538 Evangelii,
360 471 427 536 qua
448 462 547 515 sanat
574 447 715 515 vulnera
736 461 869 529 nostra,
895 450 972 514 dato
995 448 1122 534 Spiritu

139 549 259 605 sancto
283 534 349 602 obli
375 548 410 600 at
433 538 531 601 etiam
554 534 705 615 vulnera,
726 536 760 600 id
783 547 847 614 est,
870 547 1009 619 peecata
1024 554 1122 621 prae·

138 626 248 705 terita,
271 635 305 689 et
316 558 474 708 reliquias
497 623 532 686 in
552 624 649 689 nobis
667 621 847 688 haerentes
869 624 969 709 tegit,
991 642 1122 706 nosque

122 710 276 795 'imponit
304 710 541 794 suocorpori,
575 710 609 774 id
632 720 701 786 est,
723 720 861 792 propter
881 728 944 772 nos
967 711 1121 785 sustinet,

138 810 280 864 mortem
303 807 335 860 et
361 795 399 861 fit
420 796 553 861 victima
576 816 637 880 pro
660 796 773 864 nobis,
804 794 924 858 deinde
945 814 1009 859 nos
1031 813 1123 860 com·

138 886 273 948 mendat
289 883 331 961 ei,
353 883 409 968 qui
430 893 564 966 praeest
574 883 724 966 bospitio
730 929 743 960 ‚
771 877 936 959 videlicet,
963 880 1123 945 ministris

139 966 333 1056 Evangelii,
357 971 410 1035 cui
436 970 535 1033 tradit
557 966 655 1033 Duos
677 967 862 1047 DenarioS,
884 986 1003 1032 vocem
1024 964 1124 1052 legis,

140 1066 175 1122 et
195 1075 315 1122 vocem
325 1053 509 1140 Evangelii,
532 1066 566 1120 et
588 1053 659 1120 vult
679 1053 838 1119 inchoata
860 1056 1035 1118 sanatione
1056 1074 1124 1117 ma·

163 1143 194 1206 ‘s
215 1143 387 1228 magisque
415 1140 604 1206 confirmari
629 1145 664 1206 in
690 1142 789 1205 nobis
817 1142 1019 1226 agnitionem
1048 1137 1125 1217 Dei,

165 1229 258 1307 dem,
280 1248 394 1312 spem,
417 1225 648 1305 dilectionem,
671 1237 705 1291 et
727 1239 877 1292 caeteras
899 1228 1056 1304 virtutes,
1091 1237 1125 1290 et

140 1315 232 1380 initia
254 1315 341 1378 vitae
364 1324 538 1392 aeternae,
572 1325 605 1378 et
633 1314 800 1398 promittit·
819 1324 960 1390 sumtus,
994 1313 1028 1376 id
1061 1322 1124 1391 est,

140 1398 297 1467 auxilium
318 1398 482 1486 utrisque,
505 1400 700 1466 doctoribus
713 1412 755 1469 ¹et
776 1401 839 1485 piis
862 1399 1080 1464 auditoribus.

227 1519 320 1585 llaec
341 1521 453 1608 imago
475 1520 581 1607 pingit
609 1534 643 1586 et
665 1521 816 1586 miserias
838 1531 991 1598 nostras,
1014 1531 1048 1585 et
1071 1539 1126 1585 sa·

142 1608 321 1673 nationem.

227 1759 351 1834 Quaeri
366 1758 594 1851 autempsolet,
617 1781 703 1846 quae
720 1781 800 1845 pars
817 1758 960 1826 hominis
992 1762 1037 1825 sit
1047 1780 1125 1844 spo·

141 1845 232 1926 liata,
255 1867 340 1932 quae
362 1847 555 1927 vulnerata,
579 1840 612 1912 et
634 1848 689 1911 ubi
710 1849 754 1912 sit
775 1859 952 1932 peecatum
975 1849 1123 1933 originis·

140 1930 232 1999 Vera
254 1935 429 2015 responsio
452 1945 520 2016 est,
543 1945 719 2017 peccatum
738 1934 875 2019 originis
899 1935 933 1998 in
961 1935 1070 1998 anima
1092 1945 1126 1997 et

65 2065 69 2072 -
123 2019 175 2084 ‘in
198 2039 341 2103 corpore
362 2040 453 2099 esse,
476 2041 516 2084 ac
529 2022 708 2107 praecipue
724 2022 757 2084 in
775 2021 882 2084 tribus
900 2021 1037 2099 viribus,
1060 2023 1124 2085 sci·

140 2101 230 2184 lieet,
251 2107 284 2169 in
307 2116 417 2172 mente
441 2105 627 2192 caliginem,
651 2106 841 2192 gignentem
871 2116 974 2169 tetras
997 2106 1124 2170 dubita·

142 2192 250 2257 tiones
272 2193 314 2255 de
335 2193 560 2274 providentia,
592 2194 633 2256 de
661 2191 972 2256 comminationibus
994 2203 1028 2255 et
1048 2214 1124 2276 pro·

140 2278 355 2343 missionibus
384 2276 461 2353 Dei,
496 2278 614 2343 deinde
645 2279 679 2342 in
716 2275 888 2342 voluntate
916 2279 1125 2342 aversionem

141 2384 162 2428 a
184 2363 277 2442 Deo,
299 2365 387 2428 uncle
410 2375 489 2428 sunt
510 2365 656 2449 ingentia
678 2362 785 2440 mala,
808 2365 990 2442 securitas,
1014 2362 1125 2448 negle·

143 2451 209 2516 ctio
231 2452 302 2514 irae
323 2448 407 2528 Dei,
442 2447 643 2529 diffidentia,
675 2470 769 2527 amor
786 2451 903 2514 nostri.
949 2449 1123 2515 Postremo

55 2585 58 2591 .
142 2538 176 2601 in
199 2537 301 2600 corde
323 2533 515 2601 horribilem
538 2534 780 2602 contumaciam
803 2539 994 2623 gignentem
1011 2557 1125 2601 erran·

141 2633 194 2687 tes
227 2622 447 2707 adpetitiones
470 2634 501 2687 et
532 2621 682 2687 flammas
715 2635 904 2708 pugnantes
939 2644 1013 2689 cum
1047 2621 1125 2711 lege

141 2707 219 2788 Ilei,
240 2710 382 2774 iniustos
405 2728 548 2789 amores,
571 2711 693 2774 iniusta
715 2711 802 2775 odia.

228 2828 321 2895 Haec
333 2826 421 2894 mala
427 2832 534 2895 onmia
540 2850 605 2896 uno
616 2832 747 2895 nomine
760 2827 934 2915 complecti
946 2830 1125 2917 antiquitas

142 2911 257 2996 voluit,
280 2937 365 3001 quae
388 2918 569 2982 nominavit
586 2914 707 2981 nialum
726 2918 866 3002 originis
887 2919 1125 3000 concupiscenss

141 3004 232 3081 tiam,
254 3023 320 3087 qua
343 3023 428 3067 voce
450 3025 518 3067 non
541 3005 761 3089 adpetitiones
781 3007 892 3087 ipsae,
916 3015 1082 3087 quatenus
1105 3025 1125 3067 a

142 3087 218 3152 Deo
242 3089 397 3152 conditae
419 3100 509 3166 sunt,
531 3086 766 3174 intelligantur,
790 3089 850 3151 sed
870 3088 977 3167 ἀταξία
1000 3091 1125 3174 adpeti-

142 3177 280 3252 tionum,
301 3185 337 3238 ut
359 3194 461 3257 supra
483 3194 617 3259 quoque
633 3176 752 3241 monui.
788 3173 902 3238 Facile
919 3185 1028 3240 antem
1048 3197 1125 3258 spo·

142 3258 234 3324 liatio
252 3257 392 3346 intelligi
412 3271 523 3344 potest
542 3263 573 3324 in
592 3270 746 3346 utroque,
768 3261 801 3325 in
825 3262 933 3324 anima
951 3272 984 3325 et
1002 3262 1034 3325 in
1052 3282 1125 3325 eor-

767 151 888 238 'rmn
911 172 1014 243 uec.
1034 171 1221 240 scatere
1240 171 1520 239 poemenen.

2000 178 2008 185 ’
2090 171 2157 238 964

1260 362 1425 427 Usitatum
1447 373 1501 427 est
1522 362 1573 426 sic
1595 364 1672 441 diei,
1695 361 1832 427 Animas
1864 362 1977 427 iniicie
2007 364 2158 448 eorpori-

1173 451 1247 517 bus.
1283 450 1350 514 Sed
1375 471 1450 515 cum
1473 446 1627 515 desectus
1650 449 1782 534 quidam
1799 451 1925 534 proprii
1948 449 2015 514 sint
2036 451 2157 514 mentis

1176 548 1208 602 et
1230 533 1424 613 voluntatis,
1441 546 1479 601 ut
1500 537 1534 600 in
1555 545 1665 602 mente
1688 535 1859 615 dubitatio,
1883 549 1917 601 et
1937 537 1971 600 in
1984 534 2158 602 voluntate

1175 623 1308 687 aversio
1340 643 1361 686 a
1393 621 1488 701 Deo,
1522 642 1664 688 neeesse
1692 634 1745 687 est
1766 620 1864 687 fateri
1884 625 1917 687 in
1944 624 2020 708 ipsa
2048 624 2158 688 anima

1175 729 1308 795 quoque
1330 705 1451 772 malum
1474 719 1507 773 et
1526 719 1701 793 peccatum
1724 726 1812 773 esse.

1261 847 1359 911 Nune
1382 846 1498 911 ordine
1520 848 1706 911 recensebo
1730 826 1851 911 causas
1874 858 1908 910 et
1924 845 2063 912 effeetus
2080 866 2158 931 pec·

1177 934 1243 998 cati
1265 934 1414 1035 originis,
1438 935 1472 997 in
1493 933 1600 997 Adam
1624 943 1657 997 et
1675 933 1709 996 in
1730 934 1938 1016 posteritate.

1263 1085 1394 1153 Causae
1416 1083 1601 1153 efficientes
1624 1089 1764 1171 primum
1784 1083 1915 1172 lapsum
1936 1088 1970 1152 in
1993 1088 2102 1153 Adam
2124 1100 2159 1154 et

1176 1173 1286 1253 Heva‚
1321 1171 1464 1241 luerunt*
1483 1170 1636 1240 diabolus
1659 1173 1835 1240 effundens
1857 1170 1979 1239 salsam
2000 1175 2159 1261 iruagina·

1177 1262 1318 1339 tionem,
1342 1272 1375 1325 et
1396 1257 1555 1343 voluntas
1576 1262 1610 1324 in
1633 1259 1728 1325 Hera
1751 1270 1785 1326 et
1806 1261 1932 1339 Adam,
1964 1261 2160 1327 adsentiens

1177 1346 1243 1410 illis
1277 1347 1582 1431 imaginationibus,
1611 1367 1652 1411 ae
1685 1347 1862 1419 discedens
1896 1367 1917 1410 a
1941 1348 2048 1411 verbo
2081 1345 2158 1414 Dei.

1177 1433 1252 1498 Non
1274 1434 1374 1519 igitur
1397 1433 1501 1512 Deus,
1523 1434 1583 1498 sed
1604 1429 1761 1498 voluntas
1784 1434 1817 1496 in
1846 1433 1929 1517 ipsis
1957 1434 2071 1516 primis
2146 1468 2160 1482 -

1177 1521 1327 1585 rentibus
1349 1540 1452 1585 causa
1474 1530 1526 1584 est
1543 1521 1683 1605 peccati,
1706 1517 1929 1585 sicutPaulus
1947 1520 2069 1603 inquit:
2093 1454 2160 1586 βυτ

1176 1627 1277 1671 unum
1293 1605 1459 1672 bominem
1478 1616 1653 1691 peccatum
1674 1606 1807 1671 intravit
1829 1607 1861 1670 in
1882 1605 2049 1671 mundum.

1263 1757 1428 1827 Dicuntur
1445 1773 1555 1825 autem
1580 1772 1613 1825 et
1635 1757 1818 1826 efficientes
1830 1779 1965 1839 causae,
2005 1779 2070 1824 uae
2091 1781 2158 1826 me·

1176 1858 1291 1912 rentur
1312 1844 1445 1932 aliquid.
1477 1847 1535 1912 Sic
1556 1846 1665 1911 Adam
1696 1860 1730 1910 et
1752 1846 1846 1912 Heva
1874 1857 1953 1911 sunt
1974 1866 1993 1910 e
2032 1847 2159 1913 cientes

1177 1944 1311 2013 causae,
1339 1934 1417 2019 quia
1450 1935 1513 1998 sibi
1545 1944 1577 1997 et
1609 1934 1755 2019 posteris
1787 1933 1893 1997 meriti
1918 1944 1996 1997 sunt
2017 1944 2159 2012 reatum,

1178 2033 1211 2085 et
1266 2019 1329 2084 bos
1383 2022 1479 2104 ipsos
1531 2016 1682 2085 defectus
1735 2039 1796 2084 seu
1830 2020 2027 2103 pravitatem
2072 2038 2160 2104 quae

1176 2105 1308 2190 lapsum
1352 2117 1469 2170 secuta
1513 2120 1576 2186 est,
1621 2125 1768 2171 excussa
1810 2102 1888 2169 luce
1922 2103 1995 2171 Dei.
2061 2103 2160 2170 Post·

1177 2213 1275 2276 quam
1315 2192 1401 2255 enim
1468 2193 1539 2256 rimi
1581 2204 1737 2275 parentes
1777 2188 2001 2276 deliquerunt,
2042 2193 2160 2255 amise-

1176 2288 1252 2341 runt
1274 2275 1401 2340 firmam
1433 2213 1524 2342 illam
1552 2280 1715 2356 notitiam,
1750 2298 1837 2362 quae
1861 2278 2027 2342 mentibus
2057 2278 2159 2342 insita

1176 2361 1297 2441 luerat,
1319 2374 1353 2427 et
1375 2364 1605 2428 rectitudinem
1627 2361 1820 2444 voluntatis,
1845 2375 1877 2428 et
1895 2365 2160 2429 convenientiam

1178 2451 1289 2514 cordis
1313 2470 1387 2513 cum
1409 2447 1442 2515 le
1468 2470 1487 2513 e
1508 2448 1606 2520 Det..
1628 2449 1671 2513 Et
1695 2448 1803 2535 qualis
1825 2447 1886 2514 luit
1914 2451 1948 2514 in
1971 2451 2018 2513 eis
2040 2461 2161 2516 natura

1177 2539 1297 2600 orbata
1318 2470 1471 2620 originali
1489 2537 1625 2614 iustitia,
1647 2533 1732 2601 tales
1749 2547 1870 2620 postea
1888 2546 2158 2621 procreaverunt·

1176 2623 1292 2709 ltaque
1314 2620 1468 2687 voluntas
1491 2624 1524 2687 in
1547 2623 1661 2706 primis
1683 2625 1888 2707 parentibus,
1911 2635 1965 2688 est
1986 2643 2091 2688 causa
2112 2622 2159 2688 ef·

1123 2750 1132 2769 .
1175 2709 1291 2775 ficiens
1322 2709 1542 2792 corruptionis
1564 2711 1742 2775 universae
1771 2720 1910 2774 naturae
1937 2710 1971 2773 in
2001 2711 2159 2793 posteris.

1263 2845 1413 2911 Materia.
1456 2846 1533 2910 Non
1555 2845 1620 2925 hie,
1641 2847 1706 2911 nisi
1724 2847 1765 2911 de
1788 2845 1928 2912 Materia
1955 2847 1988 2910 in
2012 2867 2096 2931 qua,
2125 2848 2160 2912 id

1178 2945 1246 3010 est,
1281 2934 1322 2997 de
1345 2935 1498 2998 subiecto
1521 2935 1635 3038 quaeri
1664 2945 1795 3016 potest,
1829 2931 2003 3011 videlicet,
2038 2933 2093 2996 ubi
2117 2935 2160 2998 sit

1178 3016 1298 3084 malum
1321 3019 1481 3104 originis?
1516 3019 1709 3083 hstautem
1732 3021 1763 3083 in
1787 3021 1906 3098 aninra,
1931 3021 2019 3084 etin
2042 3030 2158 3105 poten·

1177 3108 1231 3170 tiis
1254 3107 1493 3182 sentientibus,
1523 3115 1556 3168 et
1579 3125 1692 3170 earum
1714 3107 1867 3191 organis,
1896 3109 1974 3190 quia
1995 3107 2028 3170 in
2050 3117 2161 3172 mente

1176 3191 1320 3257 humana
1354 3203 1405 3255 est
1438 3188 1565 3275 caligo,
1600 3195 1632 3256 in
1662 3189 1833 3257 voluntate
1861 3193 1994 3258 aversio
2022 3214 2043 3257 a
2070 3192 2160 3272 Deo,

1178 3299 1271 3342 amor
1293 3279 1399 3342 nostri
1420 3279 1641 3357 inordinatnS,
1671 3290 1704 3342 et
1720 3276 1890 3362 multiplex
1907 3300 2012 3364 prava
2023 3277 2160 3343 inclina·

1177 3367 1235 3443 tio,
1257 3376 1289 3428 et
1311 3367 1344 3429 in
1368 3367 1470 3428 eorde
1493 3367 1702 3430 contumacia
1725 3376 1841 3429 contra
1861 3377 1986 3430 rectum
2005 3366 2161 3432 iudicium

142 3366 236 3497 pore.
271 3344 306 3409 ln
329 3358 439 3411 mente
462 3349 585 3411 amissa
608 3358 658 3410 est
680 3346 774 3411 lirma
795 3349 959 3412 assensio.
994 3348 1045 3411 Ex
1067 3370 1126 3414 vo·

86 3472 95 3479 .
156 3444 272 3498 untate
295 3453 460 3538 excussus
487 3444 538 3497 est
567 3435 705 3517 Spiritus
736 3446 891 3511 sancius,
924 3453 985 3497 ⁰⁰?
1016 3437 1126 3499 flmlssll
1176 3453 1306 3515 mentis.
1351 3452 1397 3515 lta'
1425 3447 1501 3515 loeo
1524 3453 1649 3528 morbi,
1679 3465 1717 3516 ut
1743 3452 1793 3515 sic
1817 3453 1939 3523 dicam,
1961 3464 2161 3532 monstrato,

144 3521 422 3606 gubernatorem,
446 3521 478 3584 rd
502 3531 570 3599 est,
594 3540 688 3584 mens
711 3532 743 3584 et
766 3517 922 3584 voluntas
951 3540 1018 3584 non
1048 3541 1125 3606 pos·
1176 3538 1316 3622 propius
1338 3538 1444 3621 „pici
1467 3534 1590 3602 malum
1612 3549 1735 3621 potest,

143 3618 222 3670 sunt
254 3606 391 3671 tirmiter
422 3627 548 3693 regere*
571 3628 648 3684 eor,
678 3607 768 3693 quod
797 3608 889 3671 varie
911 3609 1037 3691 rapitur
1057 3628 1125 3672 non

144 3689 253 3756 solum
280 3696 527 3775 temperamenti
550 3695 721 3772 varietate,
742 3695 803 3758 sed
830 3696 927 3779 etiam
954 3713 1015 3758 soa
1046 3716 1126 3780 qua·
1264 3674 1396 3779 F⁰l¹¹¹ffl
1419 3672 1576 3780 ‚puplex
1597 3671 1738 3740 s⁰¹'¹¹¹³l⁰
1761 3687 1827 3740 ⁰⁵¹²
1861 3673 2002 3781 {llflmm
2029 3678 2162 3762 Ρθθθᾶἵῖ

144 3777 220 3843 dam
242 3778 477 3844 imbecillitate.
512 3777 749 3864 Spoliationem
768 3793 876 3846 autem
896 3801 956 3846 seu
974 3778 1125 3846 defectus
1176 3774 1360 3850 lednflssllsr
1379 3761 1519 3840 ⁵⁰¹l¹⁰0b
1541 3774 1665 3840 reatus,
1688 3759 1829 3826 alierum
1852 3777 1933 3840 V¹¹¹¹2
1957 3784 2018 3829 ⁵⁰¹⁸
2039 3766 2161 3845 1¹¹⁰fbb
2235 3854 2242 3864 .

144 3875 260 3928 muta
283 3875 361 3928 sunt
379 3863 530 3944 vulnera,
551 3877 588 3930 ut
609 3868 640 3930 j„
664 3865 836 3932 voluntate
857 3888 952 3932 amo.-
975 3878 1007 3932 θ(
1023 3869 1125 3932 admi.
1178 3847 1348 3927 videlicet,
1383 3847 1543 3915 desectus.
1588 3848 1682 3914 llaec
1715 3850 1831 3914 derue
1859 3845 2026 3931 explicata
2058 3846 2162 3917 facile
2224 3871 2228 3881 ’

144 3951 229 4015 ratio
253 3952 378 4028 nostri,
411 3953 443 4014 in
469 3953 570 4015 corde
593 3950 764 4035 multiplex
788 3956 1016 4033 contumacia,
1040 3955 1127 4018 sicut
1177 3933 1317 4020 inlelllgl
1339 3946 1481 4019 P⁰⁸⁸U¹¹l
1503 3937 1545 3998 ab
1565 3935 1615 4013 lis,
1639 3937 1694 4021 qui
1717 3937 1926 4000 medl⁰⁰sll⁰l
1942 3933 2066 4002 exculti
2082 3949 2177 4008 ⁸¹¹⁰&

143 4034 351 4102 Anslrelmus
373 4034 521 4122 loquitur
543 4038 585 4101 de
613 4041 690 4103 navi
713 4040 870 4104 destituta
900 4043 1127 4127 gubernatore
1179 4021 1342 4089 d⁰⁰l¹'l¹¹a·
1392 4019 1645 4104 Dl⁵l⁸¹¹l³ll⁰¹¹⁰⁸
1677 4020 1919 4086 ll¹⁰¹¹³⁰l¹⁰¹'¹¹¹¹¹
1951 4022 1992 4086 de
2025 4022 2090 4087 ¹¹⁸⁰
2122 4044 2161 4089 ΓΒ

144 4134 179 4189 et
200 4125 313 4203 remis,
337 4142 424 4209 quae
445 4135 564 4207 postea
587 4126 687 4189 variis
710 4127 854 4191 motibus
877 4127 1034 4213 agitatur.
1178 4107 1255 4195 plus
1276 4107 1400 4171 habent
1429 4107 1708 4192 labyrinthorum,
1742 4111 1819 4194 quia
1847 4109 2009 4174 inerudite
2036 4110 2162 4175 iudiea-

230 4243 295 4310 Hic
317 4256 425 4311 autem
445 4244 597 4331 quapstio
610 4245 766 4330 agimur,
788 4247 954 4331 quomodo
968 4249 1000 4311 in
1019 4248 1129 4312 anima
1178 4206 1266 4300 runt,
1284 4214 1348 4259 nec
1360 4195 1657 4259 consideraverunt
1674 4195 1851 4259 discrimen
1870 4196 1955 4259 inter
1970 4208 2112 4276 reatum,
2127 4207 2163 4262 et

144 4343 319 4417 peecatum
340 4350 419 4396 esse
439 4331 568 4416 possit,
595 4351 669 4396 cum
697 4334 825 4396 animae
850 4333 1034 4399 immediate
1057 4354 1129 4398 cre·
1179 4300 1287 4368 mmm
1307 4283 1459 4347 ΝΜ
1481 4301 1512 4344 ¹¹¹
1535 4293 1652 4345 natum
1672 4280 1838 4349 h⁰m¹⁰⁰m
1859 4282 2062 4348 haerentem.

146 4428 243 4482 entur
270 4439 292 4481 a
311 4416 405 4497 Deo,
437 4419 481 4483 ad
505 4420 594 4503 quod
623 4415 732 4482 facilis
762 4430 795 4482 et
822 4417 923 4504 plana
952 4422 1128 4506 responsio

146 4512 210 4580 est,
233 4503 263 4566 si
285 4504 425 4569 dicimus
447 4507 586 4570 Animas
605 4526 650 4571 ,ex
674 4506 811 4571 traduce
833 4508 923 4586 oriri,
947 4508 1038 4593 quod
1060 4507 1129 4573 Au·
1180 4527 1251 4586 rea,
1273 4515 1382 4571 tamen
1405 4517 1537 4572 manent
1558 4504 1681 4572 multae
1705 4507 1926 4572 dubitationes
1943 4507 1986 4571 de
1997 4504 2085 4586 Deo,
2108 4526 2163 4570 or-

146 4590 300 4675 gnstinus
319 4601 352 4655 et
374 4588 429 4655 alii
452 4588 544 4656 multi
566 4592 656 4656 docti
676 4603 711 4657 et
731 4593 899 4676 sapientes
924 4597 1031 4680 magis
1052 4614 1128 4659 sen·
1179 4606 1234 4660 tae
1257 4613 1298 4657 ox
1321 4589 1464 4679 caligine
1490 4594 1622 4657 mentis.
1677 4592 1772 4658 Hanc
1803 4588 1979 4679 caliginem
2006 4603 2040 4657 et
2066 4595 2163 4677 ipsas
2229 4622 2241 4635 -

146 4686 271 4740 serunt.
317 4676 353 4741 st
375 4679 451 4764 quis
472 4690 582 4742 autern
611 4676 714 4766 fugiet
743 4678 833 4744 hanc
862 4682 1128 4765 disputationem,
1180 4681 1499 4757 dubitationesesse
1530 4677 1694 4745 desectum
1722 4677 1826 4757 lucis,
1860 4679 2070 4745 manifestum
2096 4690 2163 4760 est,

144 4762 351 4845 respondere
373 4765 495 4848 poterit
516 4761 601 4830 tales
623 4786 712 4831 nunc
732 4767 839 4831 creari
857 4768 996 4848 animas,
1017 4766 1128 4854 qualis
1179 4766 1310 4832 Deinde
1330 4763 1487 4833 voluntas
1501 4785 1577 4846 oon
1598 4769 1701 4833 habet
1722 4765 1934 4833 dilectionem
1944 4765 2007 4830 Dei
2023 4776 2091 4830 tam
2110 4784 2163 4831 ar·

145 4858 200 4915 est
220 4846 306 4913 baec
329 4861 447 4914 natura
469 4863 548 4935 post
568 4849 718 4937 lapsum,
745 4853 821 4937 quia
850 4850 1027 4918 dissimiles
1051 4873 1129 4919 esse
1181 4854 1325 4930 dentem,
1348 4862 1427 4917 uto
1453 4855 1569 4934 ortnit,
1593 4866 1626 4919 et
1649 4873 1709 4920 cor
1729 4850 1830 4918 babet
1858 4850 1980 4918 multas
2009 4851 2163 4919 flammas

147 4933 274 5003 animas
295 4955 363 5002 non
382 4936 517 5001 dubium
533 4950 594 5003 est.
623 4930 789 5004 lleroicae
811 4951 888 5006 sunt
910 4941 1129 5024 praestantio-
1180 4939 1414 5006 aberrantesa
1485 4964 1518 5007 o.
1561 4941 1655 5007 llaec
1676 4935 1775 5019 mela,
1798 4935 1950 5004 desectus
1973 4960 2033 5004 seu
2050 4941 2164 5026 priva·

146 5040 215 5101 res,
237 5033 272 5087 et
292 5024 401 5110 magis
424 5023 633 5089 dominantur
661 5026 814 5093 omnibus
836 5028 981 5094 motibus
1010 5045 1129 5112 corpo·
1180 5028 1289 5092 tiones
1307 5045 1397 5108 esse,
1420 5039 1457 5092 nt
1473 5025 1637 5095 dialectici
1655 5023 1851 5112 loquuntur,
1866 5022 2076 5092 manifestum
2097 5035 2164 5105 est,

146 5126 232 5188 rnre,
253 5127 353 5196 quem
373 5105 461 5176 eliae
481 5107 727 5178 imbecilliores.
1181 5123 1217 5179 ut
1227 5113 1256 5180 si
1269 5114 1410 5195 denari,
1431 5134 1518 5201 qnae
1536 5112 1694 5202 desdtnte
1710 5114 1935 5200 gubernatore
1945 5113 2091 5198 iactatur
2099 5110 2162 5180 ssu-

1266 4418 1302 4483 ln
1325 4416 1430 4484 Panlo
1457 4429 1593 4497 renato,
1625 4424 1985 4505 quanquampersona
2013 4430 2163 4486 nonest
2214 4478 2220 4488 ,
2301 4404 2305 4411 ¹
