4628 5588
157 192 225 263 ooo
804 190 848 257 v.
868 187 1138 257 axmrca'rto
1157 186 1361 261 emona
1379 186 1569 257 mcanc‘
1808 296 1814 303 Ι
2109 186 2185 261 Μ’

245 379 304 449 Sic
336 380 436 469 igitur
455 386 589 446 veteres
611 380 832 467 scripserunt.
874 377 1021 445 Tertium
1041 382 1163 465 prae-¹
1189 381 1359 447 tattonem.
1402 377 1467 443 ast
1485 398 1571 466 ergo
1593 397 1681 464 opus
1704 377 1795 444 tertii
1815 382 2005 467 praecepti,
2038 400 2177 448 conser-

37 466 41 476 '
157 479 291 558 amum
313 489 381 555 quo
401 469 448 532 ad
468 487 575 553 genus
593 478 647 533 cat
667 463 831 546 naturale,
864 475 899 531 et
931 467 1074 550 pertinet
1094 466 1139 531 ad
1189 468 1279 534 ratio
1301 466 1471 531 ministerii
1492 463 1678 552 Evangelii,
1700 486 1786 552 quae
1807 467 1948 551 pertinet
1970 488 2038 532 non
2066 465 2177 535 solum

157 557 268 623 omnia
291 568 454 639 tempora,
476 551 607 618 scilicet
627 574 693 640 quo
715 554 759 618 ad
780 554 1070 620 conservationem
1081 553 1139 617 mi·
1190 553 1426 631 adducentes,
1460 551 1523 617 sed
1551 554 1648 617 etiam
1669 553 1713 617 ad
1730 550 1889 638 populum
1910 554 2115 633 audientem,
2143 564 2177 619 et

156 643 290 713 nisterii.
338 641 407 707 Sed
429 641 557 725 quoad
578 640 737 724 speciem,
760 651 813 705 est
835 638 1082 719 ceremoniale,
1105 649 1139 704 et
1188 637 1234 703 ad
1255 649 1398 719 coetum,
1421 639 1476 724 qui
1498 650 1715 723 praeparatur
1735 641 1779 704 ad
1800 640 1998 706 docendum.
2043 639 2177 705 Ducen-

156 751 224 796 non
247 726 376 815 obligat
394 747 472 804 nos,
489 725 619 791 scilicet
641 747 707 813 quo
729 728 773 792 ad
795 729 892 793 ritum
914 726 1044 811 septimi
1061 725 1138 803 diei,
1190 735 1242 790 tes
1265 736 1360 790 recta
1377 727 1533 803 doceam,
1555 722 2175 793 etSaeramentareeteadministrent.

157 826 192 883 at
212 817 257 881 ad
286 816 418 880 modum
441 814 499 878 otii
520 832 583 878 seu
603 814 803 879 cessationis
825 833 866 879 eo
889 813 952 879 die.
997 813 1067 878 Sed
1089 823 1139 876 ta·
1191 811 1372 877 Auditores
1390 812 1457 876 sint
1478 828 1643 876 memores
1665 809 1764 877 huius
1787 812 1883 878 dicti:
1906 813 1970 887 Qui
1993 833 2057 878 vos
2073 814 2178 893 audit,

156 923 232 970 meo
267 902 365 967 decet
399 920 439 965 eo
463 899 516 965 die
537 919 604 965 non
622 894 736 964 iacere
758 920 899 985 operas,
930 921 1016 986 quae
1036 901 1138 983 impe·
1189 916 1243 963 me
1262 898 1365 977 audit,
1386 898 1444 984 qui
1462 916 1525 964 vos
1547 899 1685 983 spernit,
1701 916 1756 963 me
1776 900 1914 985 spoeuit

157 992 252 1057 diuttt
273 986 488 1052 ministerium
499 983 685 1073 Evangelii,
707 984 1139 1053 autaliosabducuntami·

156 1077 306 1144 nisterio.
340 1073 413 1139 liae
434 1073 644 1139 nominantur
665 1092 789 1157 operae
816 1071 967 1137 serviles.
999 1073 1051 1138 Ex
1073 1071 1139 1139 hoo
1276 1068 1348 1134 Nec
1370 1070 1582 1135 constituitur
1602 1067 1669 1134 hoc
1690 1068 1779 1137 dioto
1801 1081 1951 1156 potestas
1963 1082 2059 1137 extra
2068 1070 2178 1137 Evan-

157 1160 250 1230 foute
271 1173 421 1226 sumatur
443 1160 621 1244 responsio
643 1159 687 1225 ad
708 1158 850 1245 vulgare
872 1158 1111 1245 argumentum.
1161 1126 1325 1279 'galium
1358 1156 1421 1223 sed
1442 1157 1631 1221 mandatum
1652 1158 1794 1223 traditur
1816 1158 1858 1222 de
1880 1158 2046 1223 audiendo
2067 1157 2178 1224 Evan-

1190 1239 1289 1328 gelio,
1324 1253 1357 1306 et
1389 1244 1583 1309 necessaria
1611 1239 1798 1309 consolatio
1832 1245 1977 1325 additur,
2008 1240 2081 1309 vult
2112 1260 2177 1308 noe

218 1337 485 1424 ceremoniae
516 1337 722 1423 Mosaieae
753 1349 849 1420 gunt
878 1330 1062 1420 ab0litae,
1190 1331 1279 1393 scire
1298 1326 1403 1394 Filius
1426 1326 1501 1408 Dei,
1519 1348 1640 1395 revera
1662 1326 1836 1396 efficacem
1858 1349 1937 1395 esse
1958 1330 2069 1395 Deum
2090 1350 2178 1395 voce
2268 1362 2273 1373 =

702 1459 715 1490 ,
1189 1414 1342 1492 ministri,
1377 1416 1464 1478 sicut
1486 1435 1572 1481 voce
1593 1412 1679 1494 Filii,
1713 1427 1745 1480 et
1767 1437 1835 1481 non
1864 1419 2076 1503 quaerendas
2098 1434 2177 1481 esse

217 1460 511 1570 Praeceptum·
535 1459 588 1541 de
618 1456 802 1545 saboaw
848 1470 911 1541 est
941 1455 1138 1581 celem&
1190 1498 1275 1567 alias
1315 1496 1541 1567 revelationes
1581 1513 1676 1566 extra
1707 1503 1886 1589 scriptum.
1902 1505 2058 1581 verbum,
2091 1503 2179 1567 sicut

276 1579 393 1685 niele,
536 1652 544 1663 .
1190 1584 1439 1687 Stenclrieldius
1483 1598 1516 1652 et
1547 1587 1789 1673 Anabaptistae
1827 1590 1986 1655 abiiciunt
2017 1588 2180 1673 seriptum

216 1701 325 1812 Ergo
357 1711 420 1782 est
450 1699 659 1783 abolitum.
1161 1675 1340 1861 *verbum

1276 1845 1349 1910 Etsi
1379 1855 1494 1910 autem
1514 1862 1632 1909 omnes
1654 1842 1865 1931 corruptelae
1887 1846 2060 1912 doctrinae
2081 1841 2184 1921 simul

243 1933 446 2018 Respondeo
469 1934 512 1998 ad
532 1934 704 1999 minorem.
747 1932 967 2018 Praeceptum
990 1932 1032 1996 de
1055 1930 1140 1997 Sab·
1190 1943 1268 1997 sunt
1288 1942 1431 2016 peccata
1464 1941 1583 1997 contra
1599 1932 1752 2016 primum,
1774 1932 1974 2012 secundum,
1992 1944 2026 1997 et
2046 1931 2181 1997 tertium

158 2025 237 2088 bato
256 2034 308 2085 est
329 2016 561 2086 ceremoniale
582 2041 648 2105 quo
671 2020 715 2086 ad
737 2022 901 2104 speciem,
921 2020 956 2083 id
978 2029 1049 2097 est,
1071 2038 1139 2104 quo
1190 2031 1415 2106 praeceptum,
1448 2028 1560 2082 tamen
1592 2028 1758 2104 quatenus
1791 2016 2013 2085 labefactatur
2034 2018 2182 2082 ministe-

159 2109 204 2173 ad
228 2107 310 2173 certi
339 2107 402 2171 diei
424 2108 695 2173 observationem
712 2118 747 2172 et
769 2107 969 2171 cessationis
992 2107 1137 2170 modum.
1191 2106 1287 2184 rium,
1310 2106 1444 2191 proprie
1465 2114 1617 2190 pugnant
1639 2125 1715 2169 cum
1726 2104 1825 2170 tertio
1836 2116 2031 2190 praecepto,
2053 2115 2087 2168 et
2109 2102 2182 2190 qui·
2253 2150 2261 2163 .

159 2194 254 2258 Haec
286 2194 418 2276 speeies
451 2202 505 2258 est
535 2189 671 2257 abolita.
716 2191 785 2257 Sed
819 2203 872 2257 est
905 2190 1056 2256 naturale
1077 2212 1141 2258 sec
1191 2193 1267 2256 dem
1288 2188 1551 2273 Stenokleldiani
1572 2186 1704 2256 furores
1726 2192 2024 2275 etAnabaptistiei,
2045 2191 2101 2274 qui
2123 2208 2182 2254 ne·

159 2275 299 2357 morale,
319 2300 386 2365 quo
407 2278 452 2344 ad
474 2297 581 2364 genus
604 2280 731 2357 attinet,
754 2278 788 2341 id
810 2289 881 2358 cst,
901 2280 945 2345 ad
968 2279 1141 2363 praeeipu-
1191 2288 1273 2363 gant
1299 2276 1409 2343 Deum
1441 2273 1615 2342 efficacem
1648 2295 1726 2341 essa
1759 2298 1822 2361 per
1846 2298 1964 2344 vocem
1997 2277 2184 2355 doctrinae,

159 2376 227 2431 ani*
245 2366 441 2429 sententiam
473 2366 655 2450 praecepti,
687 2362 818 2430 scilicet
850 2375 887 2429 ut
920 2379 1142 2430 conservetur
1192 2364 1319 2430 directe
1340 2362 1453 2430 delent
1473 2374 1579 2428 totum
1600 2363 1829 2429 ministerium.
1873 2362 1958 2428 Sunt
1981 2364 2083 2449 igitur
2103 2380 2183 2446 pec·

156 2452 383 2517 ministerium.
427 2450 700 2525 Consentaneum
732 2462 785 2515 est
818 2461 928 2516 autem
955 2449 1141 2535 Apostolos
1192 2462 1268 2515 oata
1297 2462 1414 2515 eontra
1447 2450 1580 2515 tertium
1602 2460 1829 2533 praeceptum,
1864 2461 1897 2514 et
1928 2447 2183 2515 Donatistarum

157 2536 246 2605 hane
267 2539 373 2624 ipsam
395 2540 439 2604 ob
462 2558 599 2605 oausam
621 2550 769 2604 mutasse
786 2537 892 2616 diem,
920 2549 958 2603 ut
986 2539 1142 2603 ostende·
1191 2533 1336 2616 furores,
1368 2537 1424 2623 qai
1445 2537 1652 2605 contendunt
1673 2534 1784 2602 Deum
1804 2555 1874 2602 non
1896 2556 1973 2601 esse
1995 2532 2182 2613 efficacem,

157 2632 232 2690 rent
263 2622 448 2708 exemplum
471 2625 700 2709 abrogationis
729 2621 841 2710 legum
865 2621 1142 2690 Geremonialtam
1191 2622 1223 2687 si
1244 2624 1402 2688 doctores
1423 2632 1481 2688 aut
1501 2623 1772 2688 administrantes
1790 2626 2005 2689 Sacramenta
2026 2640 2096 2686 non
2117 2620 2185 2686 sint

157 2708 292 2798 politiae
313 2711 487 2776 Mosaicae
508 2711 542 2775 in
565 2711 617 2775 die
639 2710 791 2796 septimo.
1192 2708 1314 2773 sanctis
1344 2706 1429 2775 Cum
1450 2720 1562 2773 tamen
1580 2707 1665 2773 fides
1686 2711 1792 2775 verbo
1814 2706 1891 2788 Dei,
1914 2728 1982 2772 non
2004 2709 2185 2774 sanctitate

924 2873 927 2881 Ι
1155 2792 1162 2803 “
1192 2794 1332 2859 ministri
1355 2795 1414 2859 niti
1436 2796 1574 2873 debeat,
1601 2795 1694 2860 iuxta
1715 2794 1782 2860 ltoc
1803 2794 1911 2880 ipsum
1933 2795 2072 2859 dictumt
2117 2791 2183 2866 Qui

243 2878 347 2950 Simul
372 2893 485 2947 autem
512 2879 659 2947 sciamus
680 2880 790 2947 Deum
820 2876 912 2946 velle
933 2876 1087 2965 publicos
1108 2890 1143 2947 et
1192 2900 1257 2946 vos
1280 2880 1382 2959 audit,
1399 2900 1453 2945 me
1473 2883 1577 2966 audit,
1596 2882 1631 2946 id
1653 2891 1719 2962 est,
1739 2899 1808 2947 uon
1825 2881 1965 2946 ministri
1986 2898 2182 2966 personam,

157 2967 319 3035 honestos
343 2987 550 3055 congressus
572 2987 663 3047 esse,
683 2979 717 3033 et
738 2963 826 3032 velle
838 2967 1022 3032 doctrinam
1032 2966 1143 3033 Evan-
1193 2967 1256 3033 sed
1275 2986 1383 3032 meam
1404 2968 1575 3052 respiciat.
2094 2988 2097 2992 ·

159 3053 235 3142 gelii
258 3076 326 3121 non
348 3075 425 3119 esse
447 3074 572 3120 arcana
592 3052 788 3142 Eleusynie,
811 3054 873 3118 sed
895 3072 1014 3121 vocem
1037 3051 1144 3139 publi·

158 3162 251 3221 cam,
278 3152 315 3207 ut
343 3139 448 3205 Filius
469 3142 503 3205 in
525 3152 595 3207 toto
619 3160 742 3226 genere
763 3138 908 3206 humano
926 3153 1143 3227 agnoscatur,
1280 3140 1366 3205 Sunt
1387 3148 1422 3205 et
1442 3136 1509 3205 alia
1529 3136 1632 3204 multa
1651 3150 1795 3225 peccata
1816 3149 1933 3207 contra
1944 3140 2075 3207 tertium
2087 3158 2186 3227 prae·

158 3229 246 3293 sicut
264 3239 482 3331 praeceptum
504 3237 571 3293 est:
594 3226 690 3293 Hunc
707 3227 828 3293 cudite.
873 3225 937 3300 Qui
959 3227 1092 3314 quidem
1110 3238 1144 3292 et
1194 3236 1343 3312 ceptum,
1364 3246 1505 3310 prorsus
1520 3223 1663 3291 'abolere
1683 3227 1900 3293 ministerium
1921 3224 2115 3315 Evangelii,
2148 3234 2212 3300 ut,

157 3314 231 3400 ipse
262 3334 425 3379 immensa
457 3314 605 3379 bonitate
638 3325 857 3379 conservator
886 3324 939 3378 est
959 3313 1143 3393 ministerii,
1195 3310 1290 3378 molti
1310 3311 1457 3399 Tyranni
1477 3312 1613 3379 iaciunt
1641 3312 1734 3394 ltem,
1756 3312 1977 3398 corrumpere
2000 3315 2185 3380 doctrinam

158 3402 248 3552 illl
257 3399 1012 3571 itittinittiffltttttt‘t‘itttti
1034 3399 1144 3553 itti
1196 3396 1652 3571 tigltffl'it'alt'tt
1665 3398 2006 3553 lstimir?
2027 3396 2185 3553 tilii

159 3572 319 3661 gelistas,
352 3572 512 3639 Pastores
535 3532 570 3640 el
587 3532 791 3639 Doctores,
813 3571 912 3651 item,
933 3531 1013 3663 Ego,
1031 3574 1144 3638 vobis·
1196 3569 1347 3656 exemplo
1370 3568 1455 3636 alios
1477 3573 1655 3637 abducere.
1700 3571 1798 3651 ltom,
1826 3573 1904 3638 Non
1925 3532 2072 3639 tribulare
2093 3571 2186 3653 debl-

158 3680 234 3725 cum
256 3679 330 3725 sum
352 3662 504 3726 omnibus
527 3660 643 3725 diebus
662 3679 769 3745 usque
791 3660 833 3724 ad
860 3657 967 3724 seculi
991 3679 1144 3724 eonsum-
1195 3668 1264 3724 tam
1292 3658 1512 3724 reverentiam
1533 3654 1707 3808 Evangelii
1738 3660 1908 3725 ministris.
1951 3660 2032 3725 item
2055 3659 2186 3744 eripere

157 3746 345 3811 mationem.
389 3745 430 3811 Et
452 3746 584 3833 quidem
605 3766 668 3830 per
689 3767 765 3811 eum
787 3757 821 3810 et
837 3766 898 3829 pro
923 3757 974 3810 ter
996 3766 1070 3811 eum
1081 3745 1145 3810 Ec·
1197 3745 1245 3809 eis
1263 3745 1398 3810 victum.
1430 3743 1485 3810 De
1507 3764 1617 3829 poena
1661 3766 1755 3811 orum
1773 3743 2186 3813 manifestissimorumdc·
2215 3782 2224 3795 ·

158 3829 264 3897 clesia
285 3852 326 3897 us
351 3853 393 3898 ue
414 3833 459 3898 ad
480 3843 662 3899 exmemum
675 3833 829 3898 iudicium
841 3767 1020 3918 colllgitur,
1041 3830 1146 3919 idque
1195 3828 1350 3897 lictorum
1363 3850 1534 3920 expresse
1555 3833 1684 3913 dieitur,
1707 3832 1839 3918 Aggaei
1870 3833 1900 3898 l.
1944 3833 2030 3908 Quia
2051 3835 2187 3899 domum

157 3917 339 4004 regnumC
365 3920 437 3984 risti
458 3920 606 3985 nominat
623 3915 762 3999 Paulus,
786 3938 861 3984 cum
883 3919 999 4004 inquit,
1021 3917 1147 3985 Postea
1196 3936 1304 3984 meam
1325 3914 1508 4005 negligitis,
1531 3915 1618 3983 coeii
1641 3937 1707 3983 non
1729 3920 1810 3985 dant
1830 3940 1953 3999 rorem,
1974 3931 2009 3986 et
2035 3932 2128 3985 terra
2148 3916 2187 3985 tit

155 4004 352 4070 traditurum
381 4024 461 4070 esse
488 4026 629 4092 regumn
651 4002 725 4070 Deo
759 4015 793 4071 et
814 4005 916 4071 Patri.
960 4003 1014 4070 Ac
1047 4002 1147 4071 valde
1198 4002 1336 4082 sterilis,
1360 4016 1393 4070 et
1415 4004 1573 4071 ieremias
1596 4005 1646 4072 17.
1674 4005 1713 4071 Si
1733 4024 1803 4073 aon
1824 4006 2076 4074 sanctificabitis
2098 4006 2186 4072 diem

157 4092 385 4157 necessarium
416 4101 468 4156 est
494 4091 583 4157 hanc
603 4092 774 4159 assiduam
795 4094 1020 4177 praesentiam
1042 4102 1076 4157 et
1097 4091 1147 4158 ef·
1197 4089 1350 4171 Sabbati,
1383 4092 1587 4157 succendam
1614 4093 1725 4178 ignem
1745 4093 1780 4157 in
1812 4095 1921 4178 portis
1949 4089 2129 4160 ierusalem
2150 4100 2187 4157 et

157 4175 308 4242 iiaaciam
331 4174 403 4241 Filii
425 4177 490 4243 Dei
512 4180 546 4242 in
556 4177 711 4243 Ecclesia
734 4180 896 4265 cogitare,
918 4179 961 4243 de
982 4197 1048 4263 qua
1060 4177 1147 4245 Pau·
1199 4178 1372 4244 devorabit
1394 4178 1511 4243 domos
1531 4189 1653 4255 etnon
1676 4180 1907 4266 extinguetur,
1937 4189 1970 4243 et
1991 4180 2095 4245 simos
2117 4196 2186 4243 mc·

157 4260 212 4328 lus
233 4263 359 4349 inquit:
387 4263 463 4349 lpse
485 4275 538 4330 est
561 4275 662 4349 caput
682 4266 794 4330 omitia
815 4267 849 4329 in
872 4266 1026 4331 omnibus
1041 4262 1147 4348 perli-
1198 4284 1308 4330 mores
1331 4263 1410 4330 dicti
1432 4262 1562 4352 ignatii,
1583 4263 1636 4340 τὰς
1657 4264 1762 4352 ἑορτὰς
1781 4265 1825 4349 μή
1846 4265 2011 4347 ἀτιμάζετε.

160 4351 264 4415 ciens.
307 4348 350 4414 Et
363 4348 529 4415 Dominus
552 4349 722 4437 inquit:E
791 4371 865 4417 sum
884 4351 971 4431 vitis,
995 4371 1057 4417 vos
1119 4349 1147 4414 l·

158 4437 268 4503 mitee.
334 4436 434 4517 item,
466 4436 547 4501 Sine
578 4457 632 4502 me
653 4435 723 4502 ailri
758 4440 904 4524 potestis
926 4435 1053 4518 iacere,
1111 4458 1149 4503 a·

158 4535 235 4590 nete
256 4526 290 4589 in
312 4543 365 4588 me
388 4536 421 4589 et
441 4522 510 4612 ago
528 4525 564 4589 in
584 4524 695 4590 vobis.

1329 4696 1332 4701 ,
1367 4596 1443 4680 na
1473 4594 1740 4725 snununt
1769 4593 2016 4681 naama.

246 4692 340 4762 llaec
363 4697 405 4763 de
424 4697 617 4782 praesentia
638 4708 674 4762 et
694 4697 737 4761 de
758 4694 910 4762 dticada
931 4693 1005 4761 Filii
1026 4693 1092 4761 Dei
1113 4696 1148 4761 in

30 4764 34 4769 ⁴
160 4782 355 4862 ministerio,
387 4794 420 4849 et
448 4784 491 4848 de
523 4784 684 4875 dignitate
716 4784 887 4847 ministerii
915 4780 1149 4867 complectitur
1278 4776 1282 4783 ’

88 4899 91 4903 <
162 4869 313 4933 doctrina
345 4868 432 4935 tertii
464 4869 654 4954 praecepti,
688 4868 780 4935 iuxta
811 4867 899 4934 hano
932 4871 1148 4935 sententiamt
1284 4864 1406 4933 lilinum
1438 4867 1571 4931 videtur
1598 4866 1721 4932 dictum
1743 4865 1866 4933 Christi
1887 4866 1931 4931 dc
1951 4867 2101 4932 secunda
2121 4862 2189 4951 'l'as

161 4952 379 5039 Evangelium
401 4965 453 5020 est
475 4957 622 5039 potentia
642 4952 708 5020 Dei
737 4953 946 5021 adsalutem
968 4957 1056 5021 omni
1078 4976 1149 5021 cre·
1199 4950 1291 5037 bula,
1315 4976 1390 5021 cum
1411 4948 1535 5039 inquit:
1579 4953 1769 5020 Secundum
1792 4953 1982 5020 mandatnm
2004 4951 2119 5017 simile·
2132 4952 2187 5039 est

163 5040 264 5105 denti.
297 5038 372 5113 Quo
395 5042 484 5107 dieto
507 5062 666 5127 expresse
684 5039 878 5126 affirmatur,
900 5039 1011 5107 Deum
1033 5038 1149 5129 eiiica-
1198 5038 1313 5128 ptimo.
1358 5040 1428 5106 Sed
1450 5058 1575 5105 causae
1597 5041 1818 5126 gravissimae
1839 5053 1937 5127 sunt,¹
1951 5038 2118 5121 videlicet,
2148 5046 2187 5127 ut

165 5130 238 5191 cem
260 5144 351 5207 esse,
369 5134 431 5212 pe'r
451 5129 579 5194 exterm
594 5129 706 5208 'vain
730 5125 817 5194 :lecti
838 5146 901 5207 seu
922 5124 1035 5209 cadim
1058 5130 1149 5215 cogi-
1197 5122 1405 5217 iitcdlgat'ut·
1418 5122 1838 5215 similitudo-obligationis
1858 5140 2008 5207 eotenus
2024 5122 2188 5213 quodam

179 5280 182 5286 -
520 5274 522 5278 >
2017 5246 2083 5299 aa·
