4628 5588
142 180 211 256 no
624 261 631 270 ,
752 178 1584 249 murmascmrranonuanan·
1709 138 1769 163 ”
1981 134 2169 267 ’,μὴ

232 373 286 441 lle
309 394 415 443 coena
436 372 572 440 Domini
594 393 637 440 ex
654 369 899 462 Chrysostomo
921 370 1005 438 satis
1026 382 1132 459 patet,
1181 368 1314 457 sumpta
1333 390 1356 437 a
1377 370 1546 436 veteribus
1568 378 1622 435 ast
1641 367 1744 436 utilis.
1776 369 1832 437 Do
1851 371 1896 438 do
2000 372 2063 438 bas
2082 392 2167 457 pau·

146 459 258 531 nullas
279 458 555 544 fuissepnvatas
577 459 715 526 Missas.
737 454 906 525 Describit
929 460 1016 525 enim
1059 476 1130 525 ras·
1182 475 1224 523 ca
1254 456 1401 542 sempsit.
1443 454 1620 522 Adversus
1642 454 1846 523 loviniauum
1924 458 1967 524 dc
1989 452 2168 524 confimat

147 552 300 638 byturum
334 558 477 613 stantem
500 547 543 612 ad
565 567 676 625 amm,
710 558 743 611 et
764 557 940 613 vocantem
957 478 1128 633 populum,
1179 540 1288 608 ialsas
1321 553 1356 608 et
1386 542 1640 692 superstitiosas
1662 543 1836 628 opiniones
1865 544 1908 610 de
1929 536 2166 611 traditionibus

146 648 183 703 ut
204 635 346 703 accedat
366 633 412 699 ad
433 634 706 700 communionem.
1179 628 1343 695 humanis.
1396 626 1428 691 V
1441 636 1572 715 caperat
1603 624 1816 717 coniugium,
1858 643 1892 696 et
1922 626 2169 696 contumeliosa

1150 702 1331 791 iuratione
1374 710 1581 793 insectatur,
1643 732 1707 779 aaa
1738 730 1947 803 nequaquam
1979 713 2080 803 digna
2111 726 2170 781 ast

234 805 270 871 ln
292 803 406 871 libello
430 806 471 870 de
493 804 653 892 dignitate
670 799 849 869 sacerdotii
866 800 1129 869 eruditodiscaa-
1180 799 1381 867 Christiano.
1425 796 1561 887 Colligit
1581 730 1668 866 mdo
1689 802 1837 887 detortas
1869 801 2054 869 sententias
2075 799 2168 867 Sati·

147 895 196 960 nit
218 890 348 958 civilem
370 901 403 956 et
424 888 696 958 Ecclesiasticam
717 900 929 975 potestatem,
951 898 1051 975 negat
1066 887 1129 953 Ec·
1178 897 1309 1038 prorae,
1331 885 1427 972 quasi
1450 886 1636 971 vituperent
1658 888 1734 952 coni
1792 902 1857 968 uto,
1889 898 1943 955 ut:
1986 889 2024 954 st
2044 896 2169 953 amtta-
2258 892 2268 913 ‘

149 977 371 1047 alesiastiaam
392 975 517 1043 habero
539 980 611 1042 eius
632 978 809 1041 coercendi
832 976 865 1065 ui
887 973 1064 1060 corporali.
1203 992 1259 1039 um
1281 988 1414 1039 carnem
1434 972 1596 1052 vixeritis,
1618 974 1753 1039 taonem
1766 968 1810 1053 nl,
1832 982 1866 1039 at
1886 971 2031 1055 similas,
2053 980 2088 1040 et
2108 984 2169 1039 ax·
2232 1052 2238 1063 ,

1179 1076 1299 1148 pressa
1321 1058 1412 1138 dicit,
1435 1075 1503 1124 non
1527 1056 1659 1125 didarra
1680 1060 2172 1147 arnerauicanubentarnpoat

1180 1146 1349 1210 secundas
1381 1146 1525 1229 nuptias.
1581 1145 1685 1225 item,
1713 1146 1932 1233 spectandum
1964 1158 2064 1219 asso,
2095 1160 2170 1211 uon

1180 1230 1260 1318 quid
1292 1228 1454 1297 concedat
1486 1227 1593 1311 Deus,
1625 1232 1687 1299 sed
1719 1232 1798 1319 quid
1821 1228 1918 1313 volit,
1951 1232 2048 1321 quasi
2067 1228 2171 1297 nm

483 1308 547 1390 De
578 1306 810 1391 Ambrosio,
1180 1334 1249 1382 non
1271 1313 1352 1383 velit
1373 1316 1575 1404 coniugium.
1619 1314 1794 1383 Postremo
1827 1316 1961 1385 etbniao
1982 1324 2076 1385 mord
2097 1312 2170 1383 ool·

1181 1400 1254 1510 ltptt
1272 1400 1424 1507 volgaria
1446 1402 1614 1511 convicia⁰
1631 1423 1736 1556 sexuq
1769 1400 1952 1508 muliebris,
1986 1416 2020 1471 et
2040 1394 2170 1506 'coniu-

155 1550 164 1561 ’
236 1566 361 1645 Multas
383 1595 506 1642 causas
526 1574 658 1661 attingit
679 1574 890 1655 Ambrosius,
910 1572 1067 1641 videlicet
1089 1575 1131 1640 do
1182 1509 1250 1654 ldl,
1272 1487 1834 1660 dqiriqddllfficdddrddrmilllisrmidagtls
1845 1486 2171 1664 “lxxma

149 1664 320 1743 Trinitata,
343 1674 460 1728 contra
481 1661 708 1741 Novatianos‚
731 1662 772 1727 de
799 1660 1045 1727 iustificatione.
1087 1656 1132 1727 Et
1183 1679 1261 1727 esse
1282 1673 1422 1730 naturae
1445 1662 1712 1745 eorruptionem,
1745 1675 1779 1728 et
1801 1674 1911 1728 tamea
1938 1675 2076 1749 proptor
2097 1660 2170 1727 Do·

116 1780 121 1787 ·
150 1771 338 1842 quanquam
359 1750 392 1813 in
415 1749 659 1815 commentariis
682 1748 845 1814 interdum
867 1743 1043 1813 dissimiles
1055 1766 1132 1813 sen·
1182 1768 1238 1812 um
1261 1749 1356 1812 sexui
1379 1746 1588 1812 tribuendum
1610 1767 1690 1813 esse
1710 1746 1890 1829 honorem,
1918 1759 2050 1816 etcum
2071 1746 2171 1813 Deua

148 1838 272 1905 tentiae
304 1835 531 1922 reperiuntur,
565 1835 621 1920 qui
652 1854 720 1901 uon
749 1845 817 1899 tam
843 1837 887 1900 ab
909 1835 983 1920 ipso
1006 1834 1131 1920 scripti,
1182 1854 1249 1898 non
1282 1831 1408 1899 frustra
1430 1834 1615 1898 condiderit
1635 1831 1724 1898 buno
1747 1855 1884 1913 saxum,
1915 1835 2171 1922 agnoscendum

149 1944 249 2011 quam
270 1924 313 1988 ab
334 1919 409 1989 aliis
426 1918 575 2070 esaarpti
597 1939 676 2028 ess?
696 1919 861 2001 videntur,
879 1931 987 1986 umen
1004 1919 1133 2006 perspl-
1182 1939 1261 2024 esse
1293 1939 1379 2005 opus
1401 1918 1475 1997 Dei,
1508 1933 1542 1985 at
1570 1920 1810 2026 ordinationem
1824 1921 1986 2027 ‘divinam
2006 1916 2172 2009 magnifa-

149 2018 335 2163 &tw
357 2027 408 2159 i:
421 2027 530 2181 3111
538 2007 934 2173 1111511111ῗῖ
935 2006 1047 2179 'llll
1055 2026 1132 2157 ⁸333
1182 2005 1344 2172 tisis·
1356 2004 1644 2179 1111151111
1640 2025 1726 2157 tt:
1729 2005 2084 2173 ”lsitstltlisffl
2073 2006 2172 2159 thil

149 2183 319 2249 docemus.
1184 2179 1313 2244 stianus
1344 2191 1457 2244 autem
1488 2188 1625 2263 propter
1646 2177 1754 2244 Deum
1776 2175 1842 2244 iert
1863 2189 1897 2245 et
1917 2180 2045 2269 mitigat
2065 2180 2171 2246 imba-

106 2294 111 2301 ·
1184 2262 1353 2329 cillitatem
1386 2264 1419 2329 in
1451 2263 1555 2330 sociis
1577 2265 1675 2330 huius
1697 2266 1785 2330 vitae
1812 2262 1969 2331 divinitus
1991 2264 2170 2344 adiunctis,

235 2351 271 2417 ld
294 2362 436 2417 testatur
455 2348 609 2435 Epistola
632 2350 675 2414 ad
696 2347 867 2415 irenaeum
879 2350 922 2414 de
933 2347 1073 2414 Paulino
1086 2348 1133 2414 dl·
1184 2360 1218 2415 et
1240 2349 1483 2415 cohaeredibus
1505 2362 1661 2416 aeternae
1683 2347 1822 2439 gloriae,
1844 2363 1879 2418 et
1895 2354 1963 2418 scit
1971 2349 2080 2418 Deum
2096 2346 2172 2418 rel·

152 2452 229 2506 ctoz
273 2436 344 2501 Lex
366 2433 585 2515 irameiiicit,
604 2433 756 2521 Epistola
776 2435 830 2500 71.
857 2436 914 2500 ubi
936 2437 987 2500 sic
1015 2437 1132 2521 inquit:
1183 2434 1230 2516 le,
1256 2447 1293 2500 nt
1324 2432 1401 2499 illas
1425 2456 1592 2515 auronius,
1624 2448 1781 2523 tanquam
1804 2450 1932 2524 partem
1953 2440 2087 2526 genem
2106 2434 2172 2505 bu·

149 2524 202 2591 Ex·
223 2518 382 2608 operious
392 2521 495 2610 Legis
512 2542 610 2587 nemo
631 2519 838 2601 iustificetur,
861 2520 895 2584 id
917 2532 982 2600 est,
1003 2542 1065 2609 per
1087 2520 1133 2585 le·
1184 2522 1289 2600 mani,
1325 2541 1392 2586 non
1424 2523 1644 2606 despiciamus
1665 2521 1842 2589 Diabolioa
1862 2527 2029 2610 superbia
2074 2520 2173 2591 liaeo
2199 2556 2212 2562 ⁴·

149 2630 226 2763 iim
247 2605 1134 2761 *timtitiisitltllttttm‘lst:
1184 2605 1762 2761 titii?instititutis
1790 2611 1825 2675 ¹¹¹
1827 2609 2173 2767 1111111111φωῖ

150 2742 226 2861 bus,
248 2781 340 2868 quod
362 2716 463 2848 nand
481 2789 612 2866 poterat
633 2781 770 2860 avitare,
788 2712 936 2860 doddvit,
970 2792 1003 2847 et
1025 2778 1134 2847 chiro·
1186 2714 1462 2848 conviaiapsexus
1484 2792 1517 2846 et
1535 2782 1667 2847 divinae
1688 2717 1917 2849 ordiirallonls'.

214 2869 315 2955 phum
337 2879 489 2933 nostrum
520 2868 572 2933 sui
605 2868 778 2954 sanguinis
807 2865 970 2933 effusione
1002 2863 1135 2945 delerit,
2112 2894 2117 2901 ·

174 2974 216 3019 oc
237 2965 302 3033 est,
323 2955 413 3040 quod
434 2953 555 3040 inquitt
573 2951 862 3038 superabundavit
877 2964 1052 3038 peccatam
1073 2973 1135 3040 par
1269 2951 1323 3019 De
1345 2953 1535 3019 discrimine
1559 2954 1707 3021 ciborum
1729 2953 1843 3022 laudat
1863 2957 1946 3022 ritus
1968 2952 2173 3025 mavortio

148 3037 271 3127 legem,
303 3039 587 3127 superabundavit
669 3040 714 3105 tia
742 3060 803 3122 per
823 3039 932 3105 iesum
954 3036 1135 3114 Christum,
1183 3036 1248 3104 Dei
1279 3040 1460 3119 institutos,
1492 3053 1649 3126 tanquam
1681 3038 1792 3108 cultus
1812 3038 1890 3123 Dei,
1921 3040 1991 3108 imo
2011 3052 2173 3132 tanquam

150 3127 238 3191 sicut
258 3123 424 3190 lohannes
446 3126 564 3211 inquit:
638 3146 697 3190 cce
720 3146 829 3211 agnus
849 3123 932 3204 Dei,
965 3126 1023 3211 qui
1049 3122 1134 3190 tollit
1183 3123 1432 3214 perfectionem.
1476 3124 1628 3192 Ridicula
1660 3147 1727 3195 rox
1753 3139 1817 3207 est,
1850 3142 1950 3215 quam
1981 3128 2089 3216 ponta
2136 3132 2171 3197 Si

151 3210 484 3299 peccataeto.1deo
506 3230 604 3275 nemo
626 3209 788 3296 glorietur
808 3213 842 3275 in
864 3212 1034 3295 operibus,
1056 3211 1134 3297 quia
1184 3214 1237 3278 vis
1258 3208 1428 3297 perfectus
1451 3231 1541 3294 esse,
1576 3215 1699 3279 bonum
1732 3226 1785 3280 est
1818 3217 1929 3280 vinum
1950 3228 2019 3283 non
2042 3218 2171 3296 bibere,

151 3318 250 3365 nemo
271 3294 372 3362 iactis
392 3297 465 3363 suis
485 3296 695 3379 iustificatur,
718 3299 780 3363 sed
800 3298 858 3383 qui
878 3299 986 3364 iustus
999 3307 1064 3376 est,
1075 3298 1134 3361 do·
1185 3312 1219 3365 et
1252 3318 1386 3363 carnem
1415 3318 1483 3363 non
1516 3300 1738 3378 manducare,
1771 3302 1828 3368 ubi
1849 3300 1938 3366 male
1960 3303 2100 3369 detorsit
2122 3302 2172 3370 di·

152 3396 268 3451 natutu
298 3381 412 3464 babet,
444 3382 521 3469 quia
554 3402 617 3468 par
637 3381 810 3451 Christum
840 3383 1038 3451 iustificatos
1071 3395 1134 3449 est·
1186 3397 1274 3451 ctum
1287 3383 1391 3464 Pauli,
1414 3386 1564 3471 qni-cnm
1585 3387 1707 3473 inquit:
1729 3386 1860 3452 Bonum
1881 3400 1934 3453 est
1956 3409 2090 3455 carnem
2100 3410 2172 3456 non

151 3469 252 3537 iiidaa
284 3489 322 3535 ar
390 3482 459 3554 est,
493 3489 580 3554 qaae
600 3466 720 3536 bbarat
741 3491 803 3556 par
823 3471 1017 3557 unguinem
1040 3468 1135 3537 Clui-
1184 3472 1297 3551 edere,
1320 3469 1422 3550 addit,
1441 3470 1471 3535 si
1492 3469 1587 3537 fratri
1609 3485 1730 3539 noceat
1752 3470 1948 3560 exemplum.
1993 3464 2079 3541 Cum
2112 3486 2181 3543 aui

149 3556 208 3635 καί,
250 3556 305 3621 aia
391 3568 445 3622 tus
466 3552 536 3636 illo,
558 3556 798 3642 cuipeccatum
814 3558 1002 3634 remittitur,
1022 3568 1058 3623 et
1078 3574 1135 3624 ve·
1155 3533 1161 3587 ¹
1184 3568 1251 3623 tem
1273 3577 1415 3622 necesso
1436 3558 1492 3635 sit,
1513 3555 1599 3624 tales
1623 3560 1877 3645 superstitiones
1899 3552 2100 3628 indeciesia
2117 3578 2171 3631 rc·

149 3645 206 3707 nia
351 3663 381 3707 r.
1184 3642 1356 3794 prehendi,
1388 3644 1521 3729 pariunt
1553 3644 1640 3710 enim
1672 3643 1757 3711 alios
1779 3641 1903 3712 multos
1925 3662 2071 3729 errores,
2090 3664 2172 3737 pru·

1209 3741 1304 3795 enter
1336 3729 1377 3794 de
1400 3725 1467 3795 illis
1490 3731 1737 3798 inconsiderate
1754 3726 1852 3798 dictis
1872 3728 2083 3801 indonatum
2104 3747 2175 3802 est.

236 3810 282 3879 Et
313 3810 438 3879 ainaha
478 3815 664 3881 sententiae
697 3810 823 3900 aliquot
855 3815 1065 3900 reperiuntur
1101 3816 1136 3880 in

151 3897 227 3965 aliis
259 3894 345 3965 locis
378 3900 466 3983 apud
487 3898 578 3965 buco
606 3901 674 3967 scri
697 3910 817 3980 torem,
838 3903 936 3967 atde
957 3903 1136 3978 vocatione
1272 3896 1309 3966 ln·
1331 3898 1466 3989 dialogo
1489 3913 1607 3967 annua
1628 3898 1800 3991 Pelagium
1822 3913 1915 3971 rocta
1936 3897 2095 3991 disputat,
2117 3916 2172 3975 t'e·

153 3985 312 4072 gentium.
355 3983 437 4050 item
469 3987 512 4051 ad
534 3923 781 4051 Demetrladem
803 3987 977 4075 virginem,
1008 3988 1067 4053 ubi
1088 3989 1136 4053 in·
1185 3988 1397 4053 novationem
1419 4006 1489 4075 non
1508 3984 1580 4054 fieri
1601 3997 1731 4056 tantum
1755 3990 1881 4057 viribus
1912 3986 2010 4087 libori
2031 3984 2173 4074 arbitrii,

151 4073 235 4158 quit:
253 4069 326 4137 Nec
348 4072 392 4136 ob
414 4066 504 4137 aliud
522 4073 621 4136 datur
641 4091 762 4157 praece
786 4083 865 4154 tum,
893 4074 958 4153 nisi
979 4085 1016 4138 ut
1037 4092 1137 4177 quae·
1185 4074 1248 4139 sed
1265 4092 1351 4160 opus
1373 4093 1453 4139 esse
1474 4070 1596 4141 anxilio
1617 4074 1758 4162 spiritus
1779 4074 1898 4143 sancti.
1942 4077 2049 4145 Recta
2071 4072 2174 4147 adam

151 4170 245 4224 ratur
266 4157 379 4243 praeci
403 4157 500 4223 iantis
522 4153 691 4225 auxilinm
747 4093 924 4225 deuterum
946 4160 1019 4226 ains
1040 4157 1136 4224 titulo
1185 4156 1445 4249 negatSonotoa
1467 4178 1544 4226 osse
1565 4161 1639 4227 sina
1659 4172 1820 4249 peccato,
1841 4172 1876 4229 ot
1895 4164 1989 4251 ponit
2009 4176 2172 4233 memora·
2227 4180 2231 4187 '

153 4252 269 4311 exuat
288 4178 452 4332 quaedam
472 4243 747 4331 praeparationes
769 4245 812 4310 ad
833 4244 984 4326 Missam,
1017 4257 1059 4310 et·
1071 4244 1138 4312 alia
1185 4242 1253 4311 bila
1275 4247 1411 4313 dictum:
1433 4241 1536 4351 Tunq
1550 4247 1629 4313 iusti
1650 4268 1786 4328 sumus,
1808 4251 1943 4339 qnando
1964 4265 2029 4317 nos
2049 4258 2188 4339 macti

152 4330 315 4417 quaedam
331 4330 454 4411 inania,
471 4350 557 4416 quaa
573 4330 728 4397 videntur
749 4348 828 4398 assa
848 4332 1076 4420 supposititia.
1186 4342 1278 4399 tores
1301 4350 1379 4397 ease
1400 4326 1559 4414 latemur,
1594 4345 1628 4399 et
1655 4332 1780 4400 iustitia
1800 4348 1919 4403 nostra
1940 4356 2008 4404 non
2030 4356 2073 4405 cx
2093 4356 2173 4427 pro·

83 4445 86 4449 ·
1208 4419 1259 4485 rio
1289 4418 1426 4500 morito,
1471 4419 1533 4485 sed
1561 4436 1605 4484 ax
1636 4419 1701 4486 Dei
1735 4420 1966 4493 misericordia
1997 4424 2087 4491 conti

1234 4504 1255 4568 d
1301 4514 1398 4570 ostea
1419 4525 1486 4571 non
1507 4506 1590 4572 satis
1614 4506 1708 4587 dicit,
1739 4521 1882 4595 peccatu
1902 4508 2105 4577 Sanctorum
2146 4514 2175 4587 '.

820 4666 825 4675 Ι
1186 4526 1300 4678 templ
1314 4591 1356 4657 da
1377 4588 1565 4658 actualibus
1586 4592 1753 4680 peccatis,
1781 4606 1819 4659 ut
1839 4594 1979 4661 iiammis
1999 4590 2172 4665 libidinum

456 4660 522 4747 De
552 4662 817 4776 Hieronymo.
1187 4688 1244 4743 aa
1265 4677 1467 4760 numanae,
1490 4690 1523 4744 a
1544 4678 1720 4760 somnians,
1741 4700 1810 4747 non
1830 4676 1986 4771 marisga
2006 4682 2049 4751 aa
2071 4684 2172 4751 raim

924 4817 928 4824 .
1186 4760 1277 4844 iore,
1310 4773 1344 4829 at
1376 4775 1537 4852 perpetua
1556 4758 1774 4848 dubitatione,
1796 4766 1989 4848 seondtata,
2016 4786 2081 4836 con
2146 4770 2172 4836 i·

1099 4904 1111 4929 ,¹
1186 4848 1325 4915 scentia.
1359 4848 1502 4917 Constat
1520 4850 1622 4938 igitur
1643 4848 1767 4919 multos
1788 4868 1867 4920 esse
1885 4846 1921 4919 in
1942 4786 2171 4943 arripdaeffio

237 4930 462 5023 Hieronymus
487 4935 525 5001 in
547 4935 760 5013 versionibus
780 4928 893 5029 utilem
914 4952 1050 5022 operam
1072 4924 1137 5001 Ec·
1186 4935 1317 5024 ronyrni
1338 4956 1406 5002 non
1429 4934 1570 5026 exiguos
1592 4934 1722 5025 lapsus.

151 5016 279 5087 clasiae
296 5020 443 5101 navant,
460 5031 496 5087 et
515 5040 704 5109 quanquam
735 5018 966 5088 enarmtioaes
988 5017 1139 5109 Propina-

151 5104 263 5173 turam'
288 5117 368 5174 sant
398 5117 535 5188 tonnas,
573 5117 685 5173 umen
717 5106 930 5175 bbmrimma
961 5104 1138 5194 aprcado
1212 5102 1216 5111 '
