4628 5588
82 160 298 293 ,ιη’
524 240 528 247 .

477 280 517 349 ιι

162 412 166 419 ·
248 382 418 463 Secundo,
438 378 495 448 lex
516 382 617 446 docet
637 379 728 449 haue
750 372 900 447 nostram
923 394 1076 447 naturam
1088 383 1144 448 de·

44 514 48 522 ·
159 458 255 537 bere'
276 467 483 536 conformem
516 488 595 533 esse
616 466 704 548 Deo,
726 480 760 533 et
782 490 856 549 cum
879 469 944 534 hac
966 470 1144 535 conformi·

159 568 229 643 tate
250 558 344 629 initio
365 557 529 622 conditam
551 574 638 619 esse.

247 728 376 808 Tertio,
404 734 517 792 monet
537 746 601 790 nos
630 729 672 791 de
694 728 861 810 praesenti
882 702 1030 791 miseria:
1066 727 1143 812 qnia

68 832 74 845 ·
162 816 248 881 e'nim
276 817 440 891 ostendit,
474 812 592 900 quales
623 816 746 879 conditi
775 813 896 891 simus,
932 824 965 877 et
997 814 1038 877 ad
1065 813 1143 898 qnid

158 902 547 980 conditi.simns‚·cum
582 901 732 965 videmus
765 918 829 965 nos
857 897 930 987 legi
964 898 1143 964 dissimiles

111 1005 115 1011 ·
161 1006 258 1067 esse,
286 989 500 1073 agnoscimus
530 985 641 1071 aliquo
671 987 770 1052 modo
794 1000 942 1051 nostrum
965 986 1142 1064 miseriam,

157 1085 240 1139 tnnc
285 1075 475 1151 raesertim3
505 1075 638 1158 qnando
671 1093 752 1139 vere
779 1073 1011 1158 perterrefiunt
1040 1073 1144 1135 eorda

158 1180 246 1227 voce
298 1161 384 1246 egis,
405 1170 441 1225 ut
464 1179 537 1226 omn
561 1158 669 1224 David
692 1161 886 1243 expavescit
906 1178 992 1224 voce
1010 1158 1143 1222 Nathan

160 1248 377 1332 obiurgatus,
411 1258 465 1310 ant
490 1244 671 1324 EzechiaS,
703 1265 776 1310 cum
804 1247 923 1331 inquit:
947 1244 1052 1311 ,Sicut
1073 1244 1142 1309 Leo

159 1334 319 1399 contrivit
341 1334 451 1397 omnia
475 1352 556 1397 ossa
578 1353 663 1397 mea.

128 1546 135 1559 ·
246 1504 394 1581 Quarto,
423 1501 495 1567 Lex
523 1516 635 1568 monet
662 1524 726 1569 nos
749 1506 849 1569 tacite
871 1504 913 1567 dc
933 1503 1143 1586 reparatione

111 1582 117 1595 ’
158 1587 294 1656 lurniani
316 1592 465 1676 generis,
486 1601 518 1653 et
540 1590 582 1654 de
601 1593 668 1655 sita
690 1602 840 1655 aeterna:
862 1591 1035 1676 quiacnim
1048 1588 1141 1653 Deus

155 1678 280 1762 repetit
302 1698 419 1743 vocem
442 1671 528 1761 legis
550 1688 627 1760 post
648 1675 779 1760 lapsum
800 1675 962 1756 hominis,
992 1673 1063 1740 vult
1085 1670 1163 1754 ali·¹

160 1764 295 1848 qnando
318 1785 391 1828 eam
413 1761 496 1840 fleri,
519 1765 581 1827 erit
603 1764 704 1848 igittir
723 1764 918 1833 instauratio
936 1762 1071 1827 humani
1085 1782 1142 1848 ge·

155 1850 265 1925 neris.
288 1860 321 1915 et
342 1851 412 1917 vita
432 1849 504 1913 sine
525 1861 677 1933 peceato.
721 1850 796 1914 Non
819 1851 904 1915 enim
922 1847 1046 1915 frustra
1070 1847 1141 1913 Lex

159 1937 300 2021 repetita
331 1947 403 2014 est,
436 1936 496 2025 sed
526 1934 635 2000 tamen
664 1937 815 2001 doctrina
837 1937 879 2001 de
902 1935 1141 2002 instauratione

155 2035 299 2173 astartae
322 2020 402 2087 alibi
423 2022 456 2086 in
478 2024 755 2107 promissionibus
778 2024 820 2089 de
831 2023 957 2088 Messio
980 2040 1141 2106 expresse

157 2118 212 2177 .th
236 2110 281 2173 lili
302 2119 366 2174 esi·
951 2140 973 2181 ο

155 2330 158 2335 .
248 2278 383 2360 Quinto,
405 2279 478 2345 Lex
500 2292 552 2346 est
575 2280 796 2344 testimoninm
819 2279 861 2343 de
883 2276 1036 2356 Christo,
1064 2277 1142 2363 qnia

159 2375 195 2433 et
228 2365 374 2431 ostendit
406 2365 514 2452 qualis
547 2367 602 2444 sit,
636 2364 766 2430 scilieet
797 2365 926 2430 habens
960 2361 1142 2450 perfectam

155 2452 335 2530 iustitiam,
364 2449 496 2538 qualem
518 2452 591 2518 Lex
612 2453 787 2530 describit,
810 2465 843 2516 et
863 2473 926 2534 pro
947 2451 1045 2515 nobis
1060 2450 1142 2514 ,ideo

161 2535 375 2605 satisfaciens
393 2540 535 2611 institiae
557 2539 634 2616 Dei,
655 2541 732 2624 quia
753 2538 827 2622 ipse
848 2534 1142 2621 hahetperfectam

101 2642 109 2659 ·
160 2625 329 2702 iustitiam,
349 2646 424 2693 cum
447 2623 633 2690 fitvtcmna
655 2620 855 2706 procebis,
890 2645 989 2709 quam
1018 2621 1143 2709 signifi-

153 2724 241 2797 :cant
263 2712 385 2796 typiin
410 2712 584 2777 sacrificiis
608 2710 776 2777 Leviticis.
820 2707 951 2775 Deinde
973 2709 1071 2774 etiam
1096 2721 1157 2772 ta·-

155 2792 226 2886 ¹lem
248 2797 406 2862 iustitiam
427 2799 459 2862 in
482 2796 579 2863 nohis
602 2796 750 2874 inchoat,
773 2794 907 2883 qualem
923 2795 996 2861 Lex
1018 2795 1143 2859 descri-

160 2884 210 3032 blt
231 2885 323 2948 iuxta
341 2886 480 2975 dictum:
501 2882 578 2947 Non
601 2885 677 2948 veni
696 2880 829 2949 solvere
839 2881 978 2970 Legem,
1001 2882 1063 2947 sed
1084 2882 1143 2946 im·

161 2990 264 3055 pere.

358 3258 361 3267 Ι
380 3311 442 3377 DE
464 3307 651 3377 'l’RlPLfCl
674 3309 763 3377 USU
784 3309 927 3375 LEGIS.

250 3568 359 3656 llagis
380 3572 477 3635 etiam
499 3571 710 3655 perspicuum
732 3569 781 3649 fit,
800 3589 904 3656 quare
920 3566 982 3634 lex
999 3565 1144 3654 p'romnl·

162 3670 243 3805 {ata
266 3669 298 3720 et
320 3655 487 3740 patefacta
506 3660 560 3736 sit,
583 3659 716 3743 qnando
730 3658 965 3722 discernuntur
980 3668 1048 3720 tres
1060 3675 1144 3720 usus

193 3743 277 3827 egis.
307 3743 436 3807 Primus
460 3756 511 3810 est
530 3745 782 3829 peerlngogicus
805 3764 865 3808 seu
888 3740 1042 3828 politicus
1064 3740 1143 3815 thos

164 3830 250 3894 enlm
274 3848 339 3891 non
363 3850 503 3894 necessa
527 3844 577 3893 est
601 3831 761 3901 discerni)
796 3830 850 3915 qui
874 3844 926 3894 est
947 3851 1065 3915 regere
1088 3850 1144 3893 ex·

107 3955 111 3963 ·
164 3925 260 3981 ternu
293 3918 441 3978 mernhra
472 3938 534 3981 seu
555 3913 801 3993 lncomotivanr,
835 3930 872 3981 ut
894 3918 1016 3981 usitate
1038 3912 1144 4000 loqui·

163 4021 250 4078 ntur,
284 4012 321 4063 nt
342 4013 477 4065 externa
499 3999 666 4084 professio
700 4016 733 4065 et
753 4000 840 4066 aliae
862 4004 1012 4067 actiones
1036 4015 1145 4066 exter·

72 4136 78 4149 .
126 4108 131 4127 ·
163 4106 228 4153 nae
262 4098 448 4171 congrnmrt
479 4084 553 4151 ‘reum
584 4088 674 4173 Lege
697 4087 772 4151 Dei.
836 4086 918 4153 Vult
941 4089 1028 4152 enim
1049 4087 1143 4152 Dens

165 4175 314 4239 coerce-i
348 4193 463 4237 orrrnes
485 4174 635 4239 homines
666 4175 762 4238 etiam
784 4193 850 4238 non
873 4186 1022 4249 renatos,
1055 4176 1146 4239 iuxta

164 4261 303 4326 dictum:
325 4259 395 4325 Lex
417 4273 470 4324 est
493 4260 623 4326 iniustis
646 4261 772 4344 posita,
807 4272 839 4323 et
862 4282 964 4345 saepe
987 4258 1072 4325 alias
1095 4283 1145 4323 re-

168 4347 289 4412 citatae
318 4359 397 4411 snnt
431 4366 564 4424 causae,
599 4367 703 4431 quare
732 4358 870 4410 externa
892 4347 1078 4412 ohedientia
1103 4349 1145 4410 sit

164 4435 372 4510 necessaria,
406 4434 501 4499 etiam
525 4435 557 4496 in
587 4454 653 4496 nnn
683 4434 827 4509 renatis,
855 4431 985 4498 scilicet
1015 4434 1043 4494 l.
1064 4432 1144 4498 Pro·

789 184 1019 260 mmmm.
1042 170 1232 259 scatrra
1252 157 1533 258 marianos.

2107 184 2176 253 t'ffl
2226 177 2229 181 ⁴

1197 381 1275 469 cipit
1298 379 1523 445 remissionem
1545 387 1771 462 peecatorum,
1802 395 1867 441 nec
1888 376 2003 443 doceri
2021 372 2175 443 homno·

1194 479 1338 555 possunt
1360 467 1393 531 in
1415 467 1483 531 vita
1505 462 1695 550 Cyclopica.

1282 588 1458 655 Secundus
1488 604 1571 651 usus
1603 580 1796 670 principalis
1819 594 1883 663 est,
1916 585 1959 650 de
2003 602 2047 649 no
2070 584 2102 648 in
2126 583 2176 649 nit

1194 673 1332 752 Paulus,
1365 674 1431 737 Per
1463 670 1589 760 Legem
1622 672 1746 756 agnitio
1775 671 1936 756 peceati.'
1978 602 2073 753 llem,
2152 690 2176 735 x

1194 762 1276 829 iram
1299 758 1412 836 efficit,
1434 759 1467 824 id
1490 772 1553 837 cst,
1588 758 1741 823 iudicium
1770 779 1835 844 quo
1857 755 1952 821 Deus
1974 759 2058 823 iram
2078 752 2175 821 snam

1195 848 1341 913 ostendit
1362 846 1525 911 adversus
1548 845 1658 909 onmia
1680 856 1821 928 peccata
1843 843 2010 921 interiora,
2043 853 2078 907 et
2098 832 2175 905 hdr·

1195 932 1281 1000 rihili
1313 945 1442 999 terrore
1474 931 1627 1016 opprimit
1659 951 1774 995 omnes
1805 928 1970 1007 homines,
2001 938 2039 994 nt
2070 924 2176 1013 inquit

1194 1019 1318 1087 Erech.
1364 1018 1459 1085 Sicut
1480 1018 1535 1081 leo
1559 1016 1710 1083 contrivit
1732 1018 1844 1081 omnia
1865 1035 1947 1081 ossa
1963 1035 2049 1094 mea,
2071 1034 2174 1099 quan·

1195 1129 1293 1194 quam
1316 1108 1401 1171 enim
1424 1101 1517 1169 multi
1540 1101 1778 1189 aliquantisper
1799 1103 1909 1167 securi
1938 1122 2005 1167 non
2028 1102 2176 1166 sentiunt

1178 1193 1260 1259 'hoc
1282 1194 1456 1271 indicium,
1489 1202 1598 1255 tamen
1628 1191 1760 1254 tandem
1782 1191 1937 1267 sentient,
1959 1200 1995 1252 ut
2016 1183 2106 1253 Psal.
2119 1185 2175 1251 nn.

1195 1280 1334 1345 dicitur:
1355 1276 1451 1343 Deus
1473 1273 1646 1342 manifeste
1669 1276 1790 1352 reniet,
1801 1273 1896 1340 Dens
1908 1284 2036 1351 noster,
2057 1285 2092 1338 et
2106 1293 2175 1337 non

1194 1366 1306 1431 silebit
1328 1376 1391 1430 etc.
1415 1363 1495 1427 hem
1510 1361 1634 1426 lochl.
1657 1360 1745 1426 Ante
1766 1360 1887 1427 faeiem
1910 1361 1983 1426 eius
2005 1360 2092 1447 ignis
2114 1378 2174 1424 vo·

1194 1448 1286 1529 rans,
1309 1472 1371 1516 nec
1395 1451 1512 1536 estqui
1535 1448 1670 1533 effugiat
1695 1469 1785 1512 enm:
1819 1448 1904 1512 Nam
1933 1449 2076 1533 quinon
2101 1466 2174 1511 cre·

1194 1541 1242 1603 dit
1263 1540 1296 1602 in
1318 1536 1448 1614 Filium,
1482 1556 1549 1600 non
1583 1535 1705 1600 videbit
1727 1537 1844 1613 vitam,
1865 1534 1927 1598 sed
1949 1534 1998 1597 ira
2020 1531 2084 1597 Dei
2106 1553 2174 1596 ma·
2247 1600 2252 1613 ,

1193 1636 1249 1690 net
1271 1644 1374 1708 super
1396 1644 1486 1687 curn:
1510 1623 1584 1686 ideo
1607 1618 1733 1686 Paulus
1755 1622 1877 1707 inquit:
1899 1619 1973 1707 Ego
1995 1617 2174 1705 aliquando

1193 1712 1266 1776 sine
1287 1709 1380 1797 Lege
1408 1711 1574 1787 vivebam,
1595 1708 1716 1787 idest,
1733 1728 1875 1773 securus
1897 1728 1966 1772 non
1987 1706 2175 1771 sentiebam

1192 1798 1347 1863 iudicium
1359 1794 1454 1882 legis,
1476 1797 1629 1877 veniente
1650 1807 1760 1859 autem
1770 1792 1876 1882 Lege,
1896 1805 2072 1879 peccatum
2088 1790 2175 1856 reri·

1191 1886 1241 1951 xit
1261 1896 1295 1949 et
1317 1904 1380 1969 ego
1402 1893 1553 1947 incrinus
1576 1900 1661 1946 snm.

1279 2037 1411 2104 'fortius
1433 2056 1516 2101 usus
1539 2036 1646 2100 estin
1668 2035 1803 2113 renatis,
1825 2034 1996 2121 inquibus
2017 2052 2174 2102 crescere

1192 2124 1427 2211 poenitentiam
1449 2142 1602 2201 necesse,
1625 2122 1701 2186 ideo
1723 2121 1819 2187 Deus
1841 2141 1974 2206 semper
2000 2120 2034 2185 in
2056 2118 2174 2184 Eccle-

1193 2214 1244 2277 sia
1265 2223 1298 2277 et
1319 2211 1451 2275 retinnit
1473 2221 1507 2273 et
1528 2209 1678 2294 repetivit
1688 2208 1824 2294 Legem,
1835 2219 1872 2271 ut
1884 2228 1968 2272 voce
1979 2208 2045 2271 ista
2061 2216 2174 2271 osten·

1194 2300 1291 2362 datur
1325 2317 1366 2360 ae
1397 2308 1557 2383 arguatur
1589 2306 1774 2380 peecatum.
1839 2291 1918 2358 ltem
1940 2292 2066 2359 renatis
2088 2312 2175 2377 opus

1194 2397 1246 2449 est
1268 2383 1457 2448 testimonio
1480 2380 1563 2455 Dei,
1587 2394 1623 2447 nt
1645 2381 1773 2460 sciant,
1801 2379 1858 2465 qui
1881 2377 1992 2446 cultus
2014 2378 2173 2463 placeant

1194 2468 1284 2548 Deo,
1302 2483 1334 2533 et
1356 2480 1467 2533 manet
1489 2469 1573 2533 ordo
1595 2467 1629 2532 in
1651 2479 1723 2533 tota
1743 2467 1954 2547 aeternitate,
1985 2477 2025 2533 nt
2045 2464 2175 2531 creatu·

1194 2578 1232 2621 ra
1254 2555 1329 2621 Deo
1353 2555 1497 2621 obediat.

1425 2810 1488 2878 DE
1510 2809 1650 2877 Plllth
1672 2808 1947 2877 PRAECEPTO.

1282 3052 1451 3138 Sapientia
1472 3050 1575 3201 [εἷς
1597 3051 1764 3117 exhauriri
1785 3071 1854 3117 nou
1921 3061 1999 3130 test,
2021 3061 2179 3116 ettamen

1194 3152 1363 3224 utcunque
1396 3138 1487 3203 initia
1543 3139 1681 3203 iscenda
1713 3151 1803 3217 sunt,
1832 3158 1872 3203 or
1894 3158 1916 3201 o
1942 3137 1975 3203 in
1998 3134 2176 3224 Decalogo

1085 3256 1088 3263 ·
1194 3239 1262 3292 mm
1294 3228 1478 3291 concinnus
1511 3237 1576 3303 est,
1609 3237 1644 3291 nt
1675 3226 1750 3308 ipsa
1782 3225 1890 3290 serias
1920 3234 2176 3309 praeceptorum

1195 3314 1238 3379 de
1260 3310 1372 3377 multis
1394 3314 1523 3397 magnis
1541 3314 1643 3378 rebus
1664 3311 1928 3377 nosadmoneat.
1972 3308 2101 3375 lnitinm
2123 3322 2177 3375 est

1195 3401 1238 3465 ab
1262 3400 1429 3484 agiritione
1451 3410 1486 3462 et
1508 3394 1685 3463 dilectione
1708 3398 1779 3464 veri
1797 3395 1877 3475 Dei,
1900 3396 1978 3481 qnia
1999 3397 2075 3461 ideo
2097 3417 2177 3462 eon·

1196 3486 1253 3549 diti
1286 3507 1402 3549 sumus
1434 3482 1677 3569 principaliter,
1711 3495 1748 3550 ut
1768 3482 1862 3547 Deus
1884 3484 1983 3548 nobis
2005 3503 2099 3548 suam
2121 3503 2176 3546 sa·

1195 3570 1350 3656 pientiam
1375 3582 1408 3635 et
1440 3572 1596 3641 iustitiam
1620 3572 1855 3648 communicet,
1888 3580 1922 3632 ct
1944 3589 2007 3633 nos
2028 3569 2177 3634 vicissim

1196 3678 1271 3722 eum
1293 3678 1531 3743 agnoscamus,
1555 3655 1610 3721 dili
1637 3677 1732 3721 attins
1755 3668 1788 3723 et
1811 3652 2015 3721 celebremus
2039 3666 2072 3719 et
2094 3651 2176 3721 dile-

1197 3745 1263 3807 ctio
1296 3758 1409 3808 mutua
1444 3742 1578 3828 copulet
1610 3678 1719 3808 heum
1742 3753 1775 3807 et
1796 3762 1871 3821 nos,
1903 3743 1980 3827 quia
2001 3762 2096 3807 amor
2117 3751 2171 3806 est

1197 3827 1374 3916 copulatio,
1396 3830 1471 3892 idco
1493 3825 1621 3893 Paulus
1644 3832 1674 3893 in
1701 3832 1762 3893 uit:
1794 3828 1864 3892 Erit
1893 3826 1987 3893 Dens
2011 3827 2120 3892 omnia
2142 3829 2187 3893 in.

1196 3918 1361 3981 omnibus.
1405 3914 1486 3980 ltlox
1506 3928 1616 3981 antem
1635 3916 1669 3980 in
1690 3916 1781 3980 initio
1804 3916 1961 3981 discernit
1982 3934 2097 3980 verum
2108 3910 2177 3977 Dc-

1195 4024 1251 4067 nm
1273 4024 1293 4065 a
1316 4002 1554 4066 commenticiis
1583 4001 1783 4080 numinibus,
1816 4013 1849 4065 et
1878 4003 1977 4065 docet
2009 4000 2177 4086 quomodo

1196 4090 1239 4152 sit
1262 4089 1496 4174 agnoscendus
1519 4086 1633 4163 Dens,
1669 4100 1702 4153 et
1723 4098 1835 4152 monet
1857 4088 2069 4173 cogitandum
2088 4104 2178 4168 esse,
2257 4146 2260 4151 .

1223 4176 1290 4252 uid,
1325 4187 1357 4239 et
1391 4194 1488 4261 quem
1518 4173 1626 4260 Deum
1648 4175 1706 4239 nbi
1736 4171 1936 4260 patefactum
1958 4170 2176 4257 alloquamur.
2231 4178 2237 4187 '

1197 4197 1281 4335 ania
1304 4262 1388 4324 enim
1413 4260 1520 4325 Deum
1542 4280 1608 4324 nnn
1631 4262 1795 4325 cernimus
1808 4256 1912 4326 oeulis
1925 4261 2087 4345 corporis,
2105 4257 2179 4341 ipse

1196 4368 1274 4413 sese
1297 4346 1411 4411 Verho
1435 4368 1497 4423 sno
1521 4360 1554 4411 et
1576 4360 1667 4413 certo
1691 4367 1791 4433 opere
1813 4342 1981 4431 patefecit,
2003 4346 2059 4409 hic
2077 4344 2179 4431 igitur

1195 4446 1247 4500 est
1269 4454 1369 4498 verns
1391 4430 1485 4497 llcns
1504 4444 1537 4496 et
1559 4428 1779 4520 alloquendus
1803 4434 1858 4519 qui
1880 4432 1935 4497 hic
1958 4430 2119 4517 loquitur,
2143 4441 2178 4495 et

163 4532 237 4603 pter
257 4521 446 4584 mandatnm
470 4520 544 4585 llai.
567 4521 599 4584 ‘L
623 4518 675 4583 Ad
698 4519 852 4583 vitandas
874 4540 1002 4603 poenas
1026 4538 1144 4602 corpo·
1193 4523 1250 4606 qui
1284 4521 1398 4584 eduxit
1431 4517 1588 4605 populum
1623 4541 1664 4584 ex
1697 4520 1869 4606 Aegrpto,
1902 4520 1990 4582 sient
2016 4517 2078 4582 aitr
2102 4516 2177 4603 Ego

103 4638 140 4675 ..
164 4601 256 4668 males
279 4619 308 4668 et
333 4620 498 4685 aeternas,
522 4608 597 4691 quia
620 4606 692 4669 sine
711 4603 780 4669 nlla
802 4606 1022 4684 dubitatione,
1056 4618 1143 4671 atro·
1195 4629 1269 4672 sum
1302 4605 1467 4671 Dominus
1500 4606 1595 4671 Dens
1629 4620 1718 4685 tuns,
1745 4592 1807 4692 qui
1841 4606 1939 4671 eduxi
1969 4604 2065 4668 tede
2088 4614 2180 4669 terre

165 4691 216 4755 ela
234 4688 356 4755 delicta
378 4706 561 4778 sequnntur
576 4706 716 4757 atroces
738 4712 880 4776 poenae,
904 4693 1002 4755 etiam
1025 4693 1056 4757 in
1080 4692 1144 4757 hac
1195 4695 1353 4778 Aegypti,
1380 4706 1513 4778 praeter
1545 4712 1597 4755 me
1628 4713 1695 4757 non
1721 4706 1773 4758 est
1795 4691 1890 4757 aliua.
1957 4690 1998 4755 Et
2016 4690 2071 4755 hic
2093 4690 2179 4755 idem

152 4779 246 4853 ¹vite,
268 4779 361 4842 insta
378 4782 517 4844 dictum:
552 4779 615 4852 Qut
641 4776 786 4853 cladium
818 4779 997 4861 acceperit,
1030 4776 1143 4865 gladio
1196 4779 1291 4844 Dens
1314 4792 1367 4844 est
1388 4776 1574 4856 Alnuham,
1597 4778 1691 4844 lsaac
1715 4792 1748 4844 et
1769 4779 1880 4858 lacob,
1903 4779 2011 4855 idest,
2033 4774 2178 4862 qnipross

153 4864 293 4947 peribit.
337 4863 427 4942 ltern,
452 4867 567 4929 (imnis
589 4866 709 4943 arrium,
732 4885 817 4950 quae
840 4861 955 4929 feeerit
976 4866 1145 4931 ebornino·
1196 4867 1385 4931 missionem
1420 4867 1510 4933 dedit
1537 4866 1580 4929 de
1613 4879 1752 4930 venturo
1776 4866 1976 4931 lledemtore
2009 4863 2179 4928 Patribus.

155 4951 274 5015 tiones
296 4951 644 5035 istas,·ertirpnhitnr.
668 4958 698 5017 3.
723 4951 864 5036 Propter
885 4948 1025 5017 aliorum
1056 4964 1144 5016 tran·
1197 4952 1259 5016 llic
1291 4953 1389 5037 igitur
1422 4951 1516 5017 Dens
1549 4953 1755 5016 invocandus
1788 4966 1852 5031 est,
1875 4952 1991 5037 quise
2020 4945 2179 5035 patefecit

166 5034 423 5123 arietarent.
448 5036 489 5101 Ut
512 5041 553 5101 sit
575 5040 785 5125 paedagogia
803 5040 834 5102 in
858 5036 1045 5117 Christum,
1067 5039 1144 5123 qnia
1196 5039 1277 5103 dato
1299 5038 1364 5103 hoc
1386 5038 1513 5114 Verbo,
1535 5051 1569 5103 et
1586 5038 1664 5103 data
1684 5039 1908 5124 promissione
1929 5038 1972 5101 de
1993 5035 2179 5101 hlediatore

164 5144 386 5208 perseverans
408 5126 441 5188 in
464 5123 594 5189 delictis
606 5136 724 5190 contra
746 5127 981 5191 conscientiam
999 5146 1067 5189 non
1087 5144 1145 5189 ac·
1196 5138 1230 5189 et
1246 5124 1346 5192 factis
1368 5123 1550 5205 miraculis,
1582 5136 1615 5190 et
1649 5135 1769 5209 postea
1789 5126 1893 5191 misso
1915 5122 2010 5202 Filio,
2041 5132 2179 5208 propter
