4628 5588
156 172 225 242 aar
796 167 911 239 run.
934 120 1578 239 uuascnmrsnoeumnoa
1983 251 1986 255 ,
2121 174 2191 244 aas
2249 262 2258 277 ⁶

117 354 123 363 ’
156 383 256 431 mana
275 363 457 429 autoritate
476 357 604 429 nullom
626 361 819 429 mandatmn
848 358 1019 428 secundae
1039 356 1149 427 Tain-
1198 380 1243 428 ne
1263 358 1447 448 intelligere
1468 361 1630 441 ordinem,
1652 380 1751 449 quem
1773 374 1808 428 et
1826 364 1915 429 inter
1935 360 2089 430 homines
2111 352 2190 431 san'·
2298 404 2301 409 -

156 447 213 519 lae
234 447 363 516 aboleri
382 449 502 536 possit
1197 449 1248 512 xit
1267 446 1375 527 Deus,
1394 458 1430 514 et
1450 447 1578 514 institia
1596 459 1651 513 est
1680 445 1895 515 conformitas
1916 470 1994 515 cnm
2015 447 2191 520 voluntate
2257 452 2262 461 ’

1199 534 1322 614 divina,
1344 553 1431 638 quoe
1452 531 1525 601 vnlt
1546 533 1637 601 hunc
1656 535 1809 601 ordinem
1829 538 1969 603 servari.
2003 534 2100 603 Sicut
2119 536 2190 604 De·

243 618 307 687 Est
328 632 364 687 et
384 619 571 687 Antithesis
591 618 747 705 opposita
768 619 875 685 errori
891 616 1148 706 Hypocritarnm
1197 640 1240 686 ns
1263 620 1410 686 condidit
1430 617 1594 700 homines,
1615 641 1685 686 non
1707 631 1744 687 nt
1763 622 1920 706 perirent,
1942 623 2191 704 sedutessent,

131 708 307 775 'omnium
327 718 524 793 temporum,
556 707 613 793 qui
658 700 828 771 raeferunt
851 703 1067 771 ceremonias
1099 700 1149 768 la·
1198 707 1250 771 sic
1269 703 1343 772 vult
1364 718 1521 791 parentes
1544 708 1684 793 gignere
1705 718 1739 774 et
1761 710 1875 796 genita
1896 728 2052 790 servare,
2086 721 2120 775 et
2139 712 2189 777 vi·

145 796 297 864 'boribus
320 793 556 862 Deconumieis
589 804 623 858 et
671 788 793 858 oliticis
825 811 847 857 a
875 790 949 856 Deo
971 790 1147 868 mandatis,
1198 793 1312 859 eissirn
1345 789 1438 879 diligi
1469 804 1628 879 parentes
1659 814 1681 858 a
1714 795 1847 882 genitis.
1904 793 1985 860 Vult
2012 805 2048 860 et
2068 796 2190 865 deirrde

50 939 53 948 .
156 892 195 948 ιιι
227 879 385 947 Monachi
417 900 499 946 suos
527 879 611 944 ritus
637 879 809 945 nominent
840 874 1092 965 perfectionem,
1112 886 1149 941 et
1199 888 1354 944 caeteros
1388 897 1479 958 esse,
1509 899 1579 944 non
1612 875 1728 960 deleri,
1762 881 1852 946 nnde
1883 893 1964 947 sunt
1991 900 2114 967 praece
2136 893 2188 949 tat

157 964 261 1054 longe
293 964 481 1032 anteferunt
514 965 603 1031 vitae
632 964 879 1031 Oeconomicae
912 975 944 1029 et
966 960 1146 1027 Politicaez
1197 963 1335 1030 Honora
1379 975 1484 1031 utrem
1505 978 1540 1031 et
1560 976 1709 1031 matrem
1753 966 1831 1033 Non
1853 966 1990 1034 occides
2011 976 2076 1034 etc.
2113 905 2190 1035 lie-

157 1052 253 1121 'l'nnc
274 1053 372 1119 aiam
394 1050 559 1117 sacniicia
579 1047 678 1118 valde
700 1062 904 1137 quaestuosa
925 1061 1039 1128 erant,
1060 1050 1148 1113 sicut
1196 1052 1274 1117 inde
1306 985 1380 1116 vall
1410 1047 1549 1138 intelligi
1570 1047 1682 1118 Deum
1711 1072 1790 1119 esse
1811 1064 1943 1120 castum
1964 1064 1998 1119 et
2019 1074 2189 1136 veracem,

157 1139 265 1208 fdissa
282 1141 372 1224 apud
393 1135 617 1206 Sacrificnlos.
654 1139 731 1204 ideo
753 1135 1022 1223 amplificabatur
1043 1135 1147 1221 digni·
1198 1148 1232 1203 et
1252 1157 1316 1203 nos
1339 1138 1462 1203 debere
1484 1139 1515 1204 ei
1537 1134 1729 1205 conformes
1747 1159 1825 1206 esse
1846 1141 1882 1206 in
1904 1141 2061 1205 castime
2084 1152 2117 1207 et
2127 1161 2187 1209 ve-

158 1237 214 1294 tas
245 1224 496 1305 sacrificiorum,
529 1245 615 1310 quae
647 1222 748 1290 stulte
787 1219 1040 1293 cumulabantur
1073 1222 1147 1287 sine
1196 1224 1353 1288 recitate:
1397 1220 1475 1289 binc
1508 1235 1585 1291 sunt
1606 1236 1801 1310 praecepta:
1844 1226 1922 1291 Non
1944 1226 2190 1308 moechaberis,

157 1314 317 1381 mmdato
340 1313 464 1378 divino.
1196 1309 1272 1375 Non
1295 1309 1388 1376 dices
1410 1306 1532 1376 falsum
1553 1311 1787 1389 testimonium.
1842 1310 2082 1398 Praeceptum,
2110 1313 2189 1379 Non
2270 1392 2274 1397 Ι

1195 1394 1318 1462 furtum
1340 1393 1458 1476 facieS,
1475 1395 1577 1462 habet
1598 1396 1737 1463 similem
1751 1417 1897 1477 causam,
1915 1409 1950 1463 ut
1961 1410 2188 1486 praeceptum,

117 1504 119 1509 ·
244 1482 346 1550 'l'nles
368 1482 623 1569 superstitiones
634 1492 790 1547 taxantur
801 1481 890 1547 dicto
902 1478 1038 1558 Christi,
1055 1479 1147 1565 quod
1196 1481 1273 1547 Non
1295 1482 1443 1561 occidas,
1467 1483 1543 1569 qnia
1566 1479 1740 1548 inferiores
1764 1481 1899 1570 spoliati
1920 1482 2008 1550 fame
2028 1487 2189 1570 perirent.

95 1588 101 1597 ’
159 1567 369 1639 daemonem
391 1565 545 1647 antefert,
566 1568 654 1634 sicut
675 1567 865 1653 Prophetae
887 1587 989 1673 saepe
1012 1567 1146 1644 docent,
1197 1566 1346 1654 Utraque
1368 1568 1467 1655 igitur
1488 1566 1603 1634 tabula
1625 1571 1790 1650 ostendit,
1819 1569 1926 1656 qualis
1960 1571 2083 1637 debeat
2109 1591 2190 1639 esse

160 1656 273 1722 Oseae
293 1656 325 1721 6.
369 1654 632 1721 Misericordiam
655 1652 747 1733 volo,
780 1674 849 1719 non
870 1651 1089 1735 sacrificinm,
1112 1661 1146 1716 et
1198 1656 1233 1719 in
1253 1654 1388 1719 homine
1411 1652 1628 1721 conformitas
1651 1657 1696 1722 ad
1717 1658 1914 1741 sapientiam
1937 1669 1969 1723 et
1984 1656 2188 1725 institiamin

158 1743 333 1810 scientiam
353 1739 419 1807 Dei
440 1737 617 1848 plusquam
644 1738 858 1819 holocausta,
880 1741 914 1804 id
936 1750 999 1819 est,
1016 1738 1146 1824 praeci·
1198 1738 1273 1806 Deo
1291 1759 1373 1827 erga
1395 1741 1504 1826 ipsum
1527 1752 1560 1806 et
1581 1762 1663 1828 erga
1683 1741 1835 1808 homines
1857 1753 1995 1829 propter
2015 1740 2134 1828 ipsum.

157 1830 352 1917 piaverunt
374 1828 577 1914 agnitionem
597 1837 632 1892 et
651 1828 896 1893 invocationem
915 1824 993 1906 Dei,
1016 1826 1059 1890 de
1081 1845 1148 1910 qna
1287 1832 1298 1852 '

157 1916 266 2003 prima
288 1912 401 1982 tabula
417 1912 582 1999 Decalogi
605 1913 833 1993 concionem,
854 1922 888 1979 et
908 1912 1148 1999 praecipiobe·
1286 1909 1349 1977 Est
1381 1922 1490 1978 antem
1512 1914 1683 1980 secundae
1705 1910 1856 1979 Tabulae
1882 1915 2024 1998 primum
2050 1935 2191 2000 praece·

58 1996 71 2011 “
157 2000 367 2069 nelioentiam
501 2000 672 2079 homines,
705 2000 749 2065 de
768 2019 836 2085 qna
861 1999 1012 2065 secunda
1031 1994 1150 2063 tabula
1200 2010 1311 2084 ptam:
1332 1996 1472 2064 ilonora
1491 2011 1621 2085 patrem
1638 2011 1672 2066 et
1689 2011 1840 2071 matrem,
1861 2001 1940 2087 qnia
1954 2001 2103 2068 ordinem
2112 2023 2188 2088 per·

158 2085 316 2175 loquitur,
347 2086 391 2154 Et
454 2084 622 2151 cclesiast.
655 2085 690 2152 4.
731 2082 872 2151 Custodi
904 2086 1023 2169 pedem
1046 2093 1148 2161 tuum,
1203 2105 1361 2150 sonatum
1384 2087 1524 2173 primum
1546 2086 1703 2152 constitui
1721 2097 1863 2173 oportet
1907 2086 2036 2173 Estque
2057 2091 2187 2177 primns

159 2196 237 2244 cnm
259 2175 393 2261 accedis
414 2173 457 2240 ad
479 2174 613 2239 domurn
627 2169 705 2252 Dei,
728 2184 761 2237 et
783 2172 1023 2257 appropinqua,
1045 2181 1150 2235 ntan·
1201 2171 1327 2258 grados
1364 2172 1489 2255 imperii
1523 2173 1686 2238 autoritas
1723 2184 1908 2257 parentum.
1974 2171 2191 2242 hrclndtintur

159 2262 234 2329 dias
255 2262 366 2347 potius
389 2280 486 2346 qnam
509 2270 547 2325 nt
568 2257 690 2324 offeras
712 2259 865 2323 victimas
886 2254 1076 2335 stultorum,
1093 2254 1150 2342 qni
1202 2277 1283 2344 ergo
1316 2258 1351 2321 in
1383 2256 1450 2324 boc
1482 2270 1699 2344 praeceptura
1721 2255 1788 2324 alia
1817 2260 1945 2346 passim
1971 2261 2111 2341 tradita,
2145 2261 2189 2328 de

159 2349 325 2426 nesciunt,
346 2358 505 2432 qnantum
525 2340 652 2409 faciant
672 2339 760 2409 mali.
1203 2344 1391 2410 obedientia
1423 2344 1534 2408 debita
1564 2342 1723 2430 legitimis
1755 2342 2026 2432 Magistratibns,
2066 2348 2190 2434 quibus

1201 2428 1299 2495 Deus
1321 2430 1456 2495 tradidit
1477 2426 1589 2495 locum
1611 2442 1802 2515 parentum,
1831 2441 1865 2497 et
1885 2452 2015 2498 summa
2036 2454 2190 2521 compre·

246 2517 301 2584 Ad
322 2515 409 2583 haec
430 2517 619 2582 testimonia
639 2514 862 2601 adiungantur
882 2511 949 2580 alia
976 2510 1096 2581 similia
1116 2513 1150 2579 in
1202 2516 1309 2582 hensa
1330 2527 1382 2581 est
1404 2513 1501 2582 Rom.
1526 2515 1589 2597 13,
1625 2514 1723 2582 Unde
1754 2513 1888 2607 longior
1920 2517 2103 2586 declaratio
2131 2540 2190 2588 sn·

144 2604 379 2672 'concionibus
402 2599 654 2689 Prophetarum.
699 2599 889 2667 Illustratnr
910 2601 1034 2667 dictum
1056 2598 1151 2665 Chri·
1203 2613 1323 2668 matur.

68 2716 76 2726 ¹
159 2690 205 2758 sti
238 2700 272 2755 et
303 2689 369 2755 hnc
390 2688 589 2756 differentia:
634 2664 850 2754 (emmoniae
871 2687 972 2753 etiam
993 2686 1151 2753 divinitus
1394 2727 1398 2735 -

159 2776 302 2844 traditae
313 2777 348 2840 in
366 2795 449 2843 casu
470 2776 681 2842 necessitatis
704 2775 810 2841 omitti
830 2783 992 2860 possunt,
1023 2785 1061 2839 ut
1080 2770 1151 2837 Da·
1288 2770 1501 2839 Vocabulum
1522 2770 1660 2840 honoris
1682 2786 1753 2840 tres
1782 2776 1908 2863 gratim
1937 2772 2186 2862 complectitur:

160 2863 219 2931 vid
241 2863 387 2930 comedit
408 2882 513 2947 panes
535 2862 797 2946 propositionis,
829 2861 893 2927 sed
921 2856 1060 2925 moralia
1083 2879 1150 2924 non
1202 2858 1437 2926 Reverentiam
1458 2860 1492 2925 iu
1521 2871 1631 2927 mente
1656 2874 1795 2946 propter
1814 2860 1943 2942 Denm,
1975 2861 2107 2929 Deinde
2129 2883 2188 2930 ex·

158 2947 285 3015 habent
306 2945 406 3013 talem
430 2950 671 3034 exceptionem,
694 2958 728 3013 et
749 2968 882 3032 semper
904 2949 946 3014 de
967 2944 1020 3009 his
1036 2957 1151 3011 tenen·
1202 2958 1331 3013 ternam
1351 2947 1594 3027 obedientiam,
1616 2947 1729 3013 Tertio
1751 2953 1912 3012 ἐπιείκειαν
1932 2950 1966 3014 in
1989 2951 2190 3035 quibusdam

161 3035 205 3102 dn
222 3046 276 3100 est
296 3032 431 3122 regula:
454 3036 531 3100 Non
552 3044 630 3098 sunt
651 3032 807 3100 facienda
827 3030 926 3112 mala
948 3045 984 3096 ut
994 3033 1152 3098 eveniant
1202 3033 1324 3098 erratis
1346 3044 1520 3116 parentum
1542 3044 1575 3098 et
1597 3030 1855 3120 Magistratnum
1871 3031 2067 3103 tolerandis.

159 3122 262 3200 bona,
286 3123 364 3206 qnia
385 3118 482 3185 Deus
503 3118 748 3185 immutabiliter
769 3118 918 3204 postulat
938 3117 972 3182 in
993 3128 1103 3183 mente
1118 3128 1152 3182 et

161 3208 265 3276 corde
284 3203 428 3273 hominis
451 3204 716 3272 conformitatem
738 3227 814 3271 cum
835 3206 919 3290 ipso.
1014 3284 1017 3291 ⁴
1288 3202 1420 3269 Primus
1440 3205 1566 3291 gratim
1589 3205 1728 3273 honoris
1750 3218 1804 3271 est
1824 3202 2011 3294 intelligere
2033 3207 2185 3274 ordinem

1202 3288 1416 3368 divinum,'et
1460 3301 1575 3375 ropter
1585 3290 1695 3358 Deum
1717 3293 1871 3358 venerari
1893 3291 1983 3359 hunc
1998 3294 2108 3378 ipsum
2130 3315 2188 3359 or·

247 3379 456 3446 Discendum
487 3388 522 3444 et
552 3374 620 3442 hoc
651 3388 705 3443 est
735 3397 780 3443 ex
810 3374 869 3441 illo
902 3376 992 3443 dicto
1015 3373 1151 3455 Christi,
1202 3376 1323 3456 dinem
1345 3387 1378 3442 et
1398 3312 1487 3442 velle
1509 3378 1630 3444 subiici
1651 3377 1852 3444 Parentibus
1874 3378 2187 3467 othingistratibns,

162 3467 254 3557 qnod
275 3463 389 3532 officia
411 3463 637 3531 oeconomica
659 3473 693 3528 et
719 3460 862 3530 Politice
891 3482 973 3529 rere
994 3463 1062 3528 sint
1082 3459 1153 3528 cul·
1202 3461 1358 3528 videlicet
1379 3465 1496 3529 ordine
1519 3464 1649 3530 divinoe
1671 3463 1756 3530 Nam
1779 3465 1966 3552 cuicunque
1987 3467 2185 3533 tribuendus

161 3554 221 3629 tus
234 3550 318 3631 Dei,
344 3551 379 3617 in
400 3549 453 3616 his
486 3551 542 3638 qni
564 3550 632 3616 fide
658 3547 864 3616 renonciliati
887 3559 979 3622 sunt,
1012 3560 1045 3615 et
1066 3547 1151 3615 refe·
1202 3559 1256 3615 est
1276 3547 1396 3629 bonos,
1429 3560 1568 3636 propter
1589 3547 1715 3636 aliquid
1736 3552 1881 3618 divinum
1903 3550 2101 3619 tribuendus
2122 3563 2188 3620 est

161 3650 241 3707 runt
272 3638 365 3703 haec·
392 3658 495 3725 opera
516 3639 560 3703 ad
581 3637 728 3703 debiturn
749 3635 859 3716 ἢιιειιι,
893 3635 1012 3715 idest,
1044 3647 1082 3700 ut
1103 3646 1152 3701 te·
2166 3692 2177 3699 .

115 3782 120 3791 .
162 3736 292 3793 stentnr
312 3744 354 3793 eo
376 3745 479 3810 opere
498 3722 683 3791 hunc'esse
703 3722 831 3802 Deum,
853 3742 951 3809 quem
974 3717 1098 3801 colant,
1118 3731 1152 3786 et
1287 3719 1350 3786 Est
1376 3733 1487 3788 autem
1516 3722 1590 3806 ipse
1621 3723 1704 3788 ordo
1732 3744 1817 3809 opus
1846 3723 2029 3809 sapientiae
2058 3723 2124 3792 Dei
2152 3737 2189 3792 et

162 3811 274 3891 Deum
304 3808 395 3877 velle
416 3812 468 3876 sic
490 3807 572 3892 coli,
600 3820 635 3877 et
655 3808 723 3876 hac
745 3809 937 3875 ohedientia
959 3807 1034 3874 Deo
1054 3827 1152 3894 prae-
1200 3808 1424 3898 tegumentum
1445 3808 1487 3874 de
1497 3807 1584 3888 Deo,
1607 3819 1641 3874 et
1662 3809 1704 3875 de
1720 3811 1938 3896 providentia,
1959 3821 1997 3877 ut
2008 3832 2065 3878 res
2077 3813 2186 3897 ipsae,

163 3908 252 3965 stent
274 3898 420 3964 debitum
440 3893 625 3963 honorem:
648 3897 737 3962 sient
757 3892 868 3962 cultus
888 3891 954 3960 Dei
971 3905 1029 3960 est
1052 3893 1151 3961 casti·
1203 3895 1387 3983 generatio,
1409 3904 1442 3959 et
1463 3894 1594 3961 sobolis
1617 3897 1839 3964 conservatio.
1879 3895 2011 3962 Deinde
2033 3898 2189 3966 custodia

162 3995 216 4053 tat
236 3983 371 4070 loseph.
415 3981 507 4062 item,
528 3980 937 4067 meermannianam,
961 3979 1080 4048 Omnia
1102 3977 1151 4047 of·
1202 3979 1446 4060 societatis,Le
1526 3981 1767 4063 ,indiciorum
1788 3984 1896 4068 pacis,
1916 4004 1984 4049 non
2006 3983 2090 4050 liunt
2111 3984 2187 4050 sine

162 4068 241 4139 licia
262 4065 510 4157 patrisfamilias
530 4081 566 4135 et
586 4067 855 4135 maniolamilias.
1202 4066 1326 4133 auxilio
1347 4066 1424 4133 Dei.
1474 4079 1573 4154 taque
1593 4070 1819 4152 praesentiam
1834 4069 1900 4135 Dei
1920 4071 1954 4136 in
1972 4071 2129 4157 coniugio
2152 4081 2188 4136 et

62 4184 66 4189 ·
1202 4153 1237 4219 in
1258 4154 1301 4219 im
1326 4155 1403 4220 eriis
1425 4154 1578 4239 aspicere
1607 4156 1796 4230 debemus,·
1818 4167 1851 4222 et
1873 4155 1936 4224 has
1965 4176 2023 4222 res
2049 4165 2187 4243 propter

1201 4237 1298 4308 DEU
1355 4240 1510 4307 venerari
1530 4251 1566 4307 et
1587 4240 1738 4329 diligere.

324 4400 495 4487 Honora
524 4401 690 4494 Patrem
720 4413 764 4485 et
793 4402 981 4487 Matrem.
1288 4410 1582 4481 llaecrererentia
1600 4413 1635 4480 in
1650 4423 1761 4480 mente
1770 4415 1898 4501 primns
1909 4416 2035 4502 gradus
2045 4412 2187 4482 honoris

1201 4507 1262 4565 est
1305 4496 1437 4565 Deinde
1457 4501 1598 4565 accedat
1615 4510 1755 4566 externa
1772 4501 1972 4583 obedientia,
1993 4503 2035 4568 de
2051 4521 2119 4588 qna
2138 4511 2207 4575 ιει,

1201 4594 1320 4653 neatur
1341 4582 1476 4673 regula:
1497 4585 1650 4652 Necesse
1668 4599 1721 4652 est
1742 4589 1881 4654 obedire
1898 4607 1966 4653 non
1981 4584 2092 4667 solnm
2130 4607 2186 4654 ro·

207 4668 428 4745 iaexMoralis
440 4682 494 4737 est
509 4673 675 4758 snpientia
690 4682 725 4739 et
734 4690 851 4738 norma
860 4671 1007 4737 institiae
1017 4671 1051 4736 in
1062 4666 1151 4751 Deo,
1201 4671 1399 4757 meritam,
1429 4672 1490 4738 sed
1512 4674 1610 4738 edam
1631 4683 1768 4759 propter
1795 4673 2046 4741 conscientiam.
2122 4694 2187 4741 aec

164 4758 333 4857 patefacta
354 4769 529 4828 creaturae
549 4757 703 4825 rationali
719 4770 783 4826 etc.
816 4757 877 4824 Est
893 4772 1004 4827 autern
1049 4757 1152 4823 rimus
1202 4757 1369 4823 sententia
1389 4768 1531 4824 testatur
1551 4771 1728 4844 peceatum
1749 4757 1890 4827 mortale
1906 4781 1997 4841 esse,
2014 4772 2187 4829 conturna·

121 4844 129 4867 ⁸
166 4851 291 5015 ffid'ue
319 4847 503 4932 sapientiae
523 4866 606 4913 vera
626 4844 693 4912 Dei
712 4846 857 4934 agnitio,
891 4857 925 4912 et
946 4858 985 4911 ut
1040 4842 1153 4910 vificat
1204 4844 1289 4911 citer
1308 4835 1436 4911 violare
1463 4847 1573 4912 edicta
1594 4843 1731 4932 politica
1752 4843 1897 4916 civilium
1917 4845 2184 4936 magistratuum.

293 4943 480 5001 creaturam
512 4929 725 5014 rationalem,
753 4929 827 4999 vult
847 4932 882 4997 in
904 4929 1094 5010 euincere,
1117 4940 1154 4995 et

169 5026 219 5101 'b
247 5018 305 5095 iila
334 5018 373 5086 iit
404 5039 505 5085 mum
527 5040 679 5100 cnm-eo,
710 5029 746 5086 et
766 5018 914 5086 vicissim
935 5037 1012 5084 eum
1033 5014 1151 5103 diligit,

82 5204 88 5211 ,
170 5108 273 5189 Efa
289 5106 324 5179 ei
342 5101 537 5177 conformia
579 5105 713 5175 Deinde
732 5104 899 5193 sapientia
918 5104 1023 5175 estin
1040 5100 1154 5171 -bonri-
1288 5101 1422 5173 Tardus
1449 5104 1576 5194 grados
1603 5115 1657 5173 eet
1676 5109 1823 5171 trium
1849 5106 1884 5172 in
1905 5101 2091 5173 toleandio
2112 5105 2185 5194 qd·
