4628 5588
119 163 187 237 749
340 156 384 226 Χ.
416 154 695 227 sententiaa
716 154 934 225 VETElthi
955 156 1155 233 ALlQUOT
1175 155 1464 241 scelerosum
1482 158 1546 226 DE
1568 161 1722 230 COENA
1742 161 1915 231 Dotttnr.
2032 157 2045 236 .’
2070 164 2136 237 780

120 349 291 421 affirmant
318 370 441 435 eorpus
468 346 593 415 Christi
615 348 737 413 adesse
766 348 801 412 in
828 367 944 413 coena.
987 346 1105 434 Neque
1155 357 1295 414 mentes.
1344 332 1404 414 'An
1435 369 1533 415 nemo
1561 347 1622 415 fuit
1653 352 1781 433 nostris
1813 355 2037 438 temporibus,
2077 357 2133 441 qni
2243 414 2246 423 ,

116 459 188 525 ¹ego
211 435 312 503 ullum
334 438 417 500 satis
440 435 565 500 firmam
592 436 754 500 rationem
783 435 934 513 invenio,
967 454 1028 510 cur
1060 436 1103 499 ab
1155 433 1357 520 significavit
1377 432 1566 501 huiusmodi
1590 434 1710 502 callida
1731 439 2005 523 interpretatione
2025 436 2134 527 plera·

98 521 187 591 'hae
214 523 380 588 sententia
413 521 634 586 discedamus.
679 521 766 585 Fieri
798 521 931 606 potest,
967 530 1005 586 at
1038 515 1104 600 alia
1156 541 1221 606 que
1243 521 1400 607 dogmata
1420 523 1563 608 mitigari
1579 523 1708 608 posse?

119 613 287 679 sententia
317 607 504 685 blandiatur
527 609 635 673 otioso
658 608 785 683 auimo,
811 627 898 691 quae
921 617 974 671 est
995 606 1103 710 magis
2158 674 2164 685 .

117 709 348 776 consentanea
381 692 525 760 lrumano
558 694 699 771 iudicio,
736 695 935 776 praesertim
973 690 1024 759 sio
1056 712 1104 755 rn·
1241 689 1402 758 Abrahae
1420 693 1609 758 mandatum
1632 705 1695 774 est,
1716 707 1752 760 ut
1774 694 2024 762 circumcideret
2041 719 2136 782 prae·

119 795 249 849 suucta
271 792 305 846 et
327 795 446 845 ornata
466 781 672 864 argumentis
694 778 822 842 erudite
846 779 1013 863 cogitatis.
1035 777 1104 843 Sed
1156 779 1291 864 patiam.
1336 777 1420 852 Quis
1453 799 1520 846 non
1546 781 1648 845 irrisit
1674 780 1758 845 inter
1785 780 1969 848 Ethnieos‘l
2017 782 2136 871 Neque

120 870 202 955 quid
225 867 282 932 fiet
311 868 343 931 iu
367 865 563 945 tentatione,
586 886 658 928 cunr
684 864 862 948 disputabit
890 865 1105 943 couscientia,
1157 876 1267 929 tamea
1288 861 1380 931 licuit
1401 861 1461 944 illi,
1484 887 1558 931 eum
1574 865 1906 947 instituereturritus,
1927 864 2158 955 altudsuspt

119 975 221 1041 quam
242 953 396 1018 habuerit
424 973 561 1016 eausam
589 950 806 1015 dissentiendi
829 972 850 1016 a
870 963 1005 1035 recepta
1030 970 1103 1014 sen·
1157 952 1239 1029 cari,
1286 972 1362 1015 uam
1383 952 1475 1036 qaod
1497 953 1601 1018 verba
1621 965 1752 1017 sonant.
1783 951 1890 1018 llomo
1919 966 2050 1020 astutus
2077 978 2136 1041 po·

120 1041 224 1106 tentia
246 1040 279 1103 in
303 1036 481 1103 Ecclesiae
518 1036 612 1115 'l'pnc
631 1038 697 1101 ista
717 1038 838 1115 verba,
860 1035 934 1101 lloe
957 1048 1010 1101 est
1032 1056 1106 1100 eor·
1156 1038 1435 1121 teratdrsputare,
1457 1057 1526 1101 rem
1545 1049 1612 1102 tam
1635 1036 1805 1105 ridiculam
1826 1035 2160 1125 nullomodoprae·

119 1145 183 1212 pus
206 1145 327 1202 meum,
350 1120 487 1190 fulmina
509 1135 616 1188 erunt.
661 1121 748 1194 Quid
770 1120 821 1184 his
844 1134 989 1206 opponet
1010 1140 1105 1186 mens
1146 1123 1222 1208 ,cipi
1244 1143 1266 1187 a
1288 1120 1376 1202 Deo,
1397 1124 1458 1188 sed
1481 1124 1675 1211 significari,
1697 1122 1847 1201 libidines
1859 1145 1937 1191 esse
1954 1126 2136 1194 cohercen-

22 1225 25 1228 ⁴
119 1207 377 1297 perterrefacta,
399 1209 519 1294 quibus
538 1208 730 1293 seripturis,
755 1228 821 1291 qua
842 1228 929 1272 roeo
950 1205 1014 1272 llei
1036 1228 1105 1272 mu·
1157 1208 1219 1273 das
1241 1229 1283 1274 ac
1305 1205 1498 1273 frenandas.
1541 1210 1615 1275 Hoc
1644 1231 1717 1276 sum
1746 1231 1831 1287 usus
1856 1208 2027 1295 exemplo,
2061 1235 2136 1281 eum

119 1298 188 1362 niet
210 1316 267 1374 sc,
300 1317 342 1360 ac
371 1295 434 1359 sibi
458 1294 670 1378 persuadebit
692 1294 884 1357 necessario
917 1292 1023 1359 luisse
1051 1291 1105 1356 hic
1156 1290 1221 1359 aba
1242 1293 1347 1359 malta
1368 1295 1574 1378 reperiantur
1595 1316 1647 1360 rna
1673 1294 1883 1375 's·illustria,
1906 1299 1966 1362 sed
1989 1317 2057 1363 non
2080 1320 2135 1365 ve·

119 1382 401 1466 interpretandam
431 1377 677 1464 metaphoram?
721 1377 796 1444 Non
825 1378 907 1443 satis
937 1380 1033 1464 periti
1057 1379 1105 1443 vi·
1155 1375 1211 1444 lira
1245 1381 1358 1445 sciens
1389 1383 1584 1465 perturbare
1610 1383 1654 1446 im
1680 1380 1795 1448 eeilles
1826 1385 1969 1448 animos.
2013 1381 2135 1451 Nullas

119 1464 241 1533 (lentur
268 1463 386 1530 horum
415 1466 627 1529 certmuinum
656 1465 710 1527 isti
740 1464 795 1548 qui
825 1475 891 1528 tam
918 1463 1020 1530 facile
1052 1483 1105 1530 se-
1156 1476 1265 1529 autem
1286 1462 1383 1531 locus
1404 1467 1591 1553 scriptume
1611 1465 1754 1552 proferri
1776 1479 1899 1554 potest,
1922 1471 1977 1555 qni
1996 1482 2136 1535 testetur

81 1586 85 1593 ·
119 1564 198 1618 runt
219 1571 309 1616 nora
331 1551 500 1638 dogmata,
523 1552 578 1698 qui
601 1550 652 1614 sic
675 1546 1047 1636 delectanturlngenio‚
1067 1560 1105 1615 ut
1156 1548 1323 1616 Christum
1346 1572 1412 1617 non
1434 1553 1555 1618 adesse
1575 1554 1609 1617 in
1632 1575 1753 1632 coena,
1798 1555 1831 1620 ui
1853 1567 1954 1640 cogat
1975 1557 2135 1638 interpre-

119 1638 227 1724 magis
256 1638 459 1702 admirentur
491 1656 532 1701 va
550 1657 586 1700 re
616 1635 782 1721 cogitatas
804 1636 972 1715 rationes,
1007 1656 1103 1722 quam
1155 1638 1217 1701 tari
1251 1638 1355 1703 verba
1377 1659 1502 1703 coenae
1524 1637 1716 1724 allegorice.
1792 1661 1832 1705 ec
1853 1659 1936 1705 usus
1958 1639 2135 1707 Ecclesiae
2232 1640 2253 1683 '-

119 1725 224 1791 verba
247 1723 439 1807 scripturae.
484 1719 559 1807 Ego
581 1722 665 1798 scio,
688 1742 787 1807 quam
807 1718 926 1786 leviter
943 1723 976 1788 in
998 1733 1105 1787 tenta·
1155 1723 1278 1788 veteris
1312 1725 1402 1810 cogit
1435 1743 1476 1789 ea
1503 1725 1588 1790 inter
1613 1728 1713 1791 retari
1745 1722 1813 1790 alle
1839 1726 1940 1790 erice.
1995 1724 2136 1792 'l'antum
2193 1792 2196 1797 .

23 1814 31 1821 “
122 1810 212 1874 tione
243 1811 453 1874 excutiantur
482 1809 579 1874 nobis
608 1829 628 1873 e
650 1808 821 1887 manibus,
853 1809 1000 1873 rationes
1024 1804 1103 1873 illae
1154 1817 1318 1895 repugnat
1339 1810 1454 1875 verbis
1476 1747 1686 1890 absurrlltas,
1713 1745 1971 1898 quaelmpingit
1992 1814 2026 1877 in
2054 1812 2135 1878 iudi·

121 1894 357 1962 dissentientes
386 1915 407 1958 a
436 1894 619 1978 scripture,
650 1894 861 1978 quantumvis
882 1905 981 1958 antea
1009 1895 1103 1960 visae
1155 1895 1242 1965 cium
1273 1894 1428 1972 rationis,
1461 1894 1553 1963 llaec
1575 1916 1643 1961 non
1672 1909 1725 1962 est
1756 1897 1840 1962 satis
1868 1917 1991 1982 magna
2018 1916 2134 1977 wasa,

118 1977 332 2067 plausibiles,
366 1979 408 2044 Et
443 1981 573 2045 accedit
605 1979 672 2044 hoe
704 1980 738 2043 iu
770 1980 835 2045 ista
869 1981 1101 2044 controversia
1155 2000 1215 2046 cur
1236 2001 1257 2045 a
1278 1981 1391 2046 verbis
1414 1981 1634 2047 discedamus.
1679 1982 1717 2047 Sl
1743 1983 1809 2048 boc
1830 2001 1956 2068 genera
1983 1984 2135 2048 absurdi-

118 2067 241 2151 nragis,
261 2086 359 2151 quam
382 2062 417 2129 in
439 2063 525 2145 aliis,
547 2066 636 2151 quod
660 2064 837 2131 universae
855 2063 1038 2143 Ecclesiae,
1058 2085 1102 2130 ae
1154 2067 1232 2131 tatis
1254 2068 1419 2150 patiemur
1439 2087 1503 2132 nos
1525 2065 1674 2132 abstrahi
1701 2089 1723 2133 a
1744 2068 1936 2150 scripturis,
1970 2065 2051 2133 nihil
2072 2067 2134 2133 ha·
2252 2141 2255 2145 ,

121 2154 186 2217 toti
208 2151 343 2235 imperio
365 2153 509 2216 minatur
531 2148 723 2216 horribilem
746 2153 969 2217 mutationem.
1004 2150 1101 2217 Tanti
1153 2153 1304 2217 bebimus
1326 2152 1482 2236 praesidii
1504 2154 1538 2218 iu
1566 2148 1635 2217 ulla
1652 2154 1845 2219 tentatione.
1890 2151 1925 2217 ln
1947 2149 2134 2219 alllictioui·

120 2237 274 2302 scandali
296 2239 532 2302 conscientiam
554 2239 721 2303 sustinere
742 2239 815 2301 sine
837 2235 929 2303 claro
952 2248 1099 2304 atcerte
1153 2240 1217 2302 bus
1237 2237 1390 2302 iubemur
1406 2251 1532 2321 petere,
1553 2257 1703 2323 sperare,
1726 2252 1759 2305 et
1781 2251 1958 2325 expectare
1976 2235 2135 2305 auxilium

123 2319 311 2388 testhnoulo
332 2323 395 2387 seri
421 2335 526 2402 turae,
550 2325 625 2409 quis
646 2322 775 2408 possiti
818 2321 892 2409 Ego
915 2325 1025 2408 itaque
1048 2343 1099 2388 se·
1152 2345 1172 2388 a
1194 2320 1282 2387 Deo.
1309 2323 1363 2386 An
1384 2321 1465 2388 nihil
1488 2344 1613 2389 causae
1633 2321 1734 2389 habet
1754 2323 1809 2390 bio
1831 2325 1927 2402 ratio,
1945 2344 2005 2388 eur
2026 2323 2134 2389 recla-

121 2407 358 2556 qqappoeveqqqls
388 2345 562 2560 sse‘qllqrqiap
586 2410 803 2558 pantomimo,
837 2406 1102 2560 q'faissffiffi‘
1152 2407 1245 2559 nqptt?
1263 2406 1744 2559 ,il⁰ld⁰fm³¹if,⁹‘⁰“fl¹⁵,⁰
1760 2409 1837 2560 Deii
1860 2409 1991 2559 pirquid
2012 2410 2133 2561 prorupi

118 2571 246 2640 babere
267 2513 453 2678 atrimae
476 2513 843 2646 testimtllrirlrlre.¹ml⁹h'olrc
858 2516 944 2644 erlis.
958 2514 1101 2645 luvelrtl
1151 2514 1262 2644 :rolriso
1270 2514 1408 2665 plolrtel·
1420 2515 1681 2662 qqqptmprqqrip
1693 2513 2131 2647 msserqfipppqiqsaesn·

117 2656 248 2725 iirrnanr
279 2674 462 2742 rationem,
495 2685 555 2729 eur
586 2665 719 2758 nomiqe
741 2668 894 2749 corporis
924 2667 956 2730 in
985 2664 1099 2730 verbis
1151 2667 1201 2730 aio
1224 2673 1278 2731 est
1300 2684 1375 2732 cum
1396 2665 1687 2749 promissionibus.

117 2764 248 2812 coenae
269 2761 423 2834 oporteat
454 2761 581 2815 tantam
614 2749 764 2816 absentis
795 2751 945 2836 eorporis
967 2751 1100 2835 signum

117 2830 270 2919 intelligi.
315 2833 511 2922 Quanquam
538 2838 625 2902 euim
653 2857 764 2902 semro
796 2838 830 2900 in
859 2837 966 2902 saeris
994 2834 1101 2901 literis
1236 2832 1344 2908 Quam
1366 2830 1545 2902 dilliealter
1560 2834 1754 2920 persuaderi
1764 2843 1875 2920 potest
1886 2833 2019 2916 rationi,
2041 2835 2132 2922 quod

117 2917 241 3071 merrus
263 2920 307 2985 sit
325 2919 505 3007 figurarum
517 2925 624 2988 omnis
636 2922 781 3009 generis,
803 2933 912 2986 tamen
926 2919 1101 3007 plurimum
1150 2918 1226 2986 Deo
1248 2922 1353 2985 simus
1385 2940 1506 3000 curae,
1538 2921 1628 3007 quod
1661 2919 1828 2986 alliciatur
1860 2923 1986 2986 nostris
2020 2920 2130 3001 unalis,

154 3017 206 3070 ter
227 3007 436 3072 narrationes
458 3029 569 3074 rerum
592 3023 762 3094 gestarum
784 3010 939 3086 interest,
961 3021 995 3074 et
1016 3011 1101 3074 inter
1151 3006 1225 3072 lloo
1247 3025 1328 3072 vero
1350 3004 1452 3072 multo
1474 3007 1571 3072 etiam
1595 3002 1762 3072 difficilius
1783 3007 2016 3091 persuadetur,
2039 3007 2131 3092 quod

119 3091 346 3158 ordinationes
364 3094 513 3173 diuinas,
541 3115 605 3161 seu
627 3098 782 3182 dogmata
805 3096 847 3159 de
868 3111 1007 3173 natura,
1040 3114 1100 3159 seu
1150 3105 1289 3178 propter
1321 3089 1491 3158 Christum
1523 3094 1646 3180 gratis,
1677 3094 1750 3157 sine
1782 3094 1908 3156 nostris
1936 3091 2064 3157 meritis
2097 3092 2132 3158 ln

120 3174 291 3244 voluntate
321 3176 398 3244 Dei.
452 3179 490 3245 ln
522 3182 767 3247 narrationibus
801 3193 1013 3266 exponuntur
1046 3199 1102 3245 res
1152 3180 1294 3266 gratiam
1325 3179 1541 3263 recipiamur,
1574 3179 1805 3257 exaudiamur,
1841 3175 2060 3244 defendamur
2097 3187 2132 3243 et

122 3262 211 3330 inter
231 3262 384 3330 homines
406 3280 540 3352 gestae,
563 3267 619 3333 ubi
637 3269 752 3333 series
766 3262 931 3332 sartorum
949 3267 1102 3331 subiecta
1150 3265 1356 3344 adiuvemur,
1377 3263 1493 3351 ltaque
1512 3266 1542 3330 si
1564 3264 1619 3329 hic
1641 3264 1776 3330 vincent
1796 3265 1957 3342 absurda,
1974 3284 2061 3351 quae
2073 3265 2132 3329 -sia

117 3351 253 3431 seruat,
281 3353 373 3438 cogit
400 3372 463 3417 nos
486 3354 632 3422 absurde
654 3356 743 3419 dieta
765 3351 908 3440 figurate
940 3355 1101 3438 interpre·
1151 3353 1272 3417 rationi
1293 3352 1463 3430 videntur,
1484 3352 1514 3416 si
1536 3347 1642 3434 pluris
1664 3347 1743 3415 fient
1765 3367 1864 3434 quam
1892 3350 2033 3415 verbum
2056 3347 2132 3430 Dei,

120 3435 197 3502 tari.
239 3435 278 3503 st
310 3438 343 3502 in
375 3440 564 3524 praeceptis
592 3459 654 3506 sea
683 3440 912 3526 dogmatibus,
926 3494 929 3501 .
944 3458 1031 3524 quae
1059 3439 1101 3504 de
1152 3434 1276 3503 nullam
1305 3435 1566 3502 consolationem
1594 3438 1628 3502 iu
1655 3431 1891 3501 afflictionibus
1919 3434 2130 3500 habebimus.

120 3531 241 3588 natura
261 3533 295 3588 et
316 3519 486 3589 voluntate
508 3523 572 3592 Dei
601 3523 802 3611 loquuntur,
835 3525 924 3589 idem
942 3544 1102 3589 conemur
1152 3523 1225 3590 Nee
1253 3525 1412 3610 pauciora
1440 3523 1587 3588 absurda
1612 3521 1646 3587 in
1674 3518 1732 3586 tali
1754 3521 1934 3585 certamine
1957 3521 2132 3585 incurrunt

119 3605 251 3688 faeere,
278 3609 357 3695 quid
381 3624 641 3677 consecuturum
664 3613 725 3692 sit,
756 3606 856 3675 facile
877 3623 1021 3695 possunt
1041 3610 1101 3674 ho·
1151 3610 1185 3674 in
1208 3606 1345 3689 oeulos,
1378 3628 1476 3694 quam
1502 3609 1536 3673 ln
1558 3607 1754 3693 quaestione
1782 3606 1824 3670 de
1851 3626 1957 3672 coena
1983 3603 2130 3686 Domini,

119 3693 226 3774 mines
248 3694 366 3762 eruditi
394 3697 592 3763 existimare.
636 3697 699 3761 llic
728 3719 801 3762 eum
831 3696 1021 3761 absurditas
1043 3696 1101 3760 lm·
1151 3697 1213 3760 sed
1234 3697 1321 3760 baec
1348 3715 1414 3761 non
1442 3707 1578 3759 movent
1605 3695 1733 3758 otiosos
1766 3691 1905 3756 animos.
1948 3688 2031 3755 lllae
2051 3711 2131 3776 geo·

117 3779 226 3868 pingit
242 3782 275 3846 in
297 3780 385 3848 ulios
407 3779 569 3850 clariores
591 3781 688 3849 loros
709 3783 911 3869 scripturae,
941 3802 1004 3848 seu
1024 3780 1102 3847 fidei
1152 3783 1310 3861 metricae
1331 3791 1365 3845 et
1385 3780 1544 3867 physicae
1566 3776 1814 3866 speculationes
1832 3780 1987 3928 mnam
2010 3772 2131 3842 tumul·

119 3863 298 3949 articulos,
329 3868 530 3974 corrigenda
551 3881 603 3935 cst
627 3869 787 3935 beneflcio
809 3869 1007 3955 figurarum,
1040 3865 1100 3940 sed
1151 3879 1218 3933 tum
1242 3867 1388 3933 excitant
1416 3866 1580 3932 inanimo
1604 3883 1712 3929 vacuo
1740 3862 1852 3947 etqui
1948 3862 2057 3926 suerit
2077 3881 2130 3927 ra·

32 4006 34 4010 »
119 3953 151 4018 ai
172 3963 298 4019 tantum
321 3954 355 4019 lu
377 3968 540 4020 rationem
561 3958 733 4043 impingat,
762 3977 827 4019 nou
851 3957 884 4019 in
907 3956 1101 4039 scripturas,
1153 3954 1262 4020 tiones
1284 3971 1447 4038 quaerere
1469 3954 1512 4015 de
1533 3950 1686 4016 doctrina
1703 3945 1885 4034 religionis.
1928 3944 1972 4013 Et
1992 3946 2026 4011 id
2046 3943 2129 4012 laei-

121 4040 279 4105 eonvenit
315 4036 486 4123 praeferre
522 4044 660 4107 verbum
693 4041 757 4106 Dei
797 4042 918 4106 iudicio
951 4040 1099 4105 rationis.
1152 4058 1226 4105 mus
1248 4058 1364 4103 omnes
1381 4034 1614 4122 paulurnmodo
1631 4034 1784 4113 studiosi,
1809 4032 1869 4097 sed
1892 4032 2130 4098 recurrendum

63 4204 66 4210 .
119 4120 274 4190 Necesse
295 4137 348 4191 est
374 4128 462 4192 enim
483 4139 607 4192 certam
634 4147 711 4193 esse
744 4128 940 4193 sententiam
968 4123 1100 4190 illorum
1152 4136 1205 4192 est
1224 4124 1268 4190 ad
1290 4124 1488 4207 scripturas,
1522 4122 1674 4186 obicum
1702 4140 1769 4184 non
1792 4120 1955 4182 inveniam
1978 4117 2128 4183 testimo·

117 4204 289 4290 locarunt,
328 4213 417 4277 unde
456 4214 500 4279 do
526 4227 614 4278 mata
650 4232 712 4277 seu
748 4209 878 4278 articuli
915 4225 1099 4276 sumuntur.
1150 4212 1258 4287 nium,
1280 4210 1370 4296 quod
1393 4227 1517 4292 corpus
1540 4204 1663 4272 Christi
1686 4215 1785 4291 neget
1806 4203 1929 4269 adesse
1954 4203 1987 4267 in
2011 4220 2129 4283 coena,
2178 4287 2182 4295 ι

70 4331 76 4338 ·
117 4292 220 4388 Quod
243 4297 392 4363 sinobis
415 4235 574 4364 licetlros
597 4301 855 4399 quoquomodo
878 4295 1099 4381 interpretari,
1151 4309 1209 4362 aut
1237 4297 1471 4379 interpretetur
1496 4293 1602 4357 verba
1634 4310 1761 4356 coenae
1795 4285 1910 4369 aliter,
1942 4307 2040 4376 quam
2072 4306 2128 4351 so·

118 4380 296 4465 depravari
318 4386 473 4468 poterunt
495 4387 615 4450 omn'a.
659 4384 805 4449 luerunt
827 4381 905 4449 olim
922 4384 1023 4447 astuti
1041 4383 1099 4447 ho·
1150 4394 1232 4447 nunt
1253 4383 1372 4459 verba,
1398 4400 1465 4446 non
1486 4376 1596 4444 babeo
1618 4379 1780 4444 rationem
1801 4375 1883 4440 satis
1909 4372 2040 4449 ilnnam,
2067 4392 2129 4436 no·

120 4466 239 4546 arines,
261 4468 318 4554 qui
340 4467 405 4534 bae
426 4467 556 4536 ratione
567 4482 668 4534 totam
682 4471 863 4534 doctrinam
878 4467 1099 4533 Christianam
1151 4487 1215 4534 rae
1247 4466 1431 4533 sententiae
1466 4464 1657 4543 docendae,
1688 4461 1884 4548 praesertim
1915 4479 2005 4544 qaue
2036 4468 2129 4524 tanta

123 4552 444 4620 traneiornrarerunt
474 4557 507 4620 in
542 4553 810 4641 Philosophiam.
847 4555 887 4618 lli
911 4555 1100 4619 iudicabant
1151 4552 1313 4618 scandala
1343 4553 1481 4631 excitat,
1509 4569 1597 4635 quae
1629 4569 1694 4634 ego
1722 4548 1794 4613 scio
1827 4565 1894 4610 non
1921 4561 2024 4629 passe
2051 4562 2128 4628 per·

120 4632 349 4720 Christianos,
370 4637 523 4706 homines·
544 4639 731 4719 illiteratos,
754 4642 829 4726 quia
852 4661 968 4725 parurn
990 4651 1100 4705 astute
1151 4637 1242 4718 ferri,
1263 4640 1328 4704 uisi
1348 4637 1531 4705 babeamus
1551 4634 1647 4701 firma
1663 4646 1707 4717 et
1721 4644 1814 4700 certa
1834 4630 2022 4716 scripturae
2035 4627 2128 4694 testi·

118 4719 345 4812 intelligerent
366 4746 419 4805 ca,
439 4747 525 4813 quae
546 4727 690 4816 figurate
704 4748 746 4792 ac
763 4738 848 4792 tecte
865 4728 954 4790 dieta
973 4736 1099 4803 essent,
1150 4727 1271 4791 nronia.
1516 4718 1523 4730 ’

115 4806 226 4874 multa
247 4812 394 4878 absurda
415 4814 571 4899 dogmata
599 4815 671 4879 sine
692 4833 794 4877 causa
818 4813 991 4896 amplexos
1010 4830 1098 4888 esse,

115 4888 262 4959 Possem
284 4895 437 4982 exempla
458 4900 611 4978 recitare,
634 4900 693 4963 sed
705 4897 858 4965 habenda
876 4910 929 4963 est
945 4899 1030 4961 ratio
1051 4899 1098 4962 in·
1236 4892 1293 4960 hle
1313 4913 1396 4960 vero
1418 4894 1514 4959 etiem
1537 4885 1603 4956 alia
1623 4885 1724 4955 malta
1745 4887 1779 4952 ln
1796 4884 2127 4970 scripturismovent,

118 4976 209 5047 firmi
223 4979 372 5068 lectoris,
391 4981 492 5069 tacite
514 4985 601 5053 eaim
620 4989 855 5071 perturbantur
875 4985 1100 5070 imperitorum
1150 4982 1194 5049 de
1216 4979 1352 5049 Christo
1374 4981 1475 5060 dicta,
1495 4991 1532 5045 ut
1554 4994 1635 5044 rere
1650 4996 1726 5042 euru
1747 4972 1869 5040 adesse
1888 4990 1993 5059 possa
2013 4989 2127 5037 saera·
