4628 5588
158 162 203 244 tt
419 159 423 165 ’
793 154 908 246 ram.
930 172 1035 242 nnn.
1058 172 1248 245 scelera
1268 171 1549 243 noentnca.
1942 126 1948 135 ’
2129 174 2176 241 ra
2254 235 2259 243 .

161 384 251 432 cere.
295 360 375 430 ideo
398 366 522 431 dictum
544 378 612 430 estz
640 363 728 431 Vivo
757 356 838 451 ego,
862 363 940 430 dicit
966 363 1143 444 Dominus,

160 449 242 518 nolo
274 463 416 516 mortem
448 452 653 537 peccatoris,
687 452 749 519 sed
781 464 818 516 ut
846 462 1078 531 convertatur,
1111 461 1145 514 et

160 538 263 605 vivat.

62 768 67 775 ι
248 690 318 755 Sed
337 688 450 770 Fides,
468 711 555 776 quae
576 691 660 776 petit
681 692 769 756 bona
791 687 997 774 corporalia,
1018 700 1055 754 ut
1074 687 1144 754 Da·

159 777 217 844 vid
239 790 357 862 petens
381 798 419 841 se
441 778 555 841 reduci
582 778 615 841 in
636 798 792 863 regnum,
820 776 902 860 petit
924 796 1000 840 cum
1031 775 1143 839 condi·

159 865 268 929 ilonea
290 864 332 929 Si
361 860 448 927 Deo
471 859 625 947 placet.
660 864 746 937 Quia
767 874 945 947 utrumque
969 862 1143 925 sciendum

160 960 233 1029 cst,
264 960 298 1013 et
319 949 463 1032 petenda
489 968 568 1013 esse
590 947 674 1013 hacc
699 951 804 1026 bona,
834 960 867 1010 et
892 959 1004 1011 tamen
1019 945 1144 1011 —Eccle-

133 1094 136 1101 .
160 1036 244 1099 siam
273 1037 457 1099 subiectam
480 1055 559 1099 esse
581 1036 691 1113 cruci,
720 1045 754 1098 et
778 1035 902 1099 debere
924 1033 1144 1097 obedientiam

159 1119 249 1199 Deo,
268 1122 359 1187 iuxta
381 1121 520 1186 dictum:
551 1118 771 1187 Humiliamini
798 1122 862 1184 sub
891 1120 1019 1203 potenti
1045 1138 1144 1183 manu

159 1204 235 1272 Dei.

245 1358 320 1424 Nec
341 1370 454 1423 tamen
475 1360 568 1424 irrita
590 1369 642 1423 est
663 1360 825 1444 precatio.
857 1358 928 1422 Aut
950 1359 1035 1423 enim
1056 1356 1144 1421 tolli·

158 1455 215 1511 tur
235 1465 355 1530 poena,
378 1447 637 1531 autmitigatur,
657 1459 694 1510 ut
716 1445 785 1523 lob,
808 1442 930 1522 David,
952 1445 1143 1523 Manasscs,

159 1532 404 1596 restituuntur·
451 1551 514 1595 sua
534 1552 650 1617 regna.
695 1531 852 1595 Amasiae
880 1542 913 1594 et
937 1530 1039 1594 0siae
1061 1530 1144 1593 miti·

77 1694 81 1699 ,
145 1668 152 1678 .
207 1629 261 1681 tae
278 1627 389 1699 suntp
455 1637 507 1695 ae,
530 1618 618 1683 sicut
631 1614 826 1702 plerumque
840 1615 888 1695 lit,
900 1618 995 1681 iuxta
1006 1616 1142 1680 dictum:

193 1722 237 1766 on
258 1700 380 1767 faciam
402 1699 547 1766 furorem
571 1703 640 1767 irae
662 1721 767 1766 meae.
812 1703 908 1767 Item:
936 1704 969 1768 Si
991 1702 1143 1787 iniquita-

158 1796 212 1852 tes
235 1789 473 1853 observaveris
494 1787 649 1866 Domine,
670 1787 814 1853 Domine
844 1789 920 1873 quis
943 1787 1142 1852 sustinebit?

157 1874 256 2024 lteram:
273 1873 417 1938 Domine
438 1875 473 1938 in
494 1875 615 1939 iudicio
637 1876 790 1961 corrigas
812 1894 877 1953 me,
897 1894 942 1937 ne
953 1876 997 1939 ad
1008 1870 1143 1938 nihilum

157 1978 177 2025 r
220 1980 292 2044 rges
311 1980 374 2023 me.
712 1993 714 1999 ·
866 1987 872 1995 ·

245 2111 401 2198 Denique
427 2131 570 2177 necesse
593 2122 645 2176 est
667 2111 855 2176 firmissime
882 2112 971 2177 hanc
992 2108 1143 2197 regulam

68 2272 80 2289 .
157 2204 289 2265 tenerer
318 2198 425 2262 Etiam
447 2199 578 2280 amissis
606 2200 758 2263 omnibus
786 2199 883 2262 bonis
912 2196 1142 2280 corporalibus

158 2295 194 2348 et
217 2305 292 2349 cum
313 2285 381 2348 vita
404 2285 557 2367 corporis
577 2295 669 2347 certo
683 2285 863 2348 amittenda
880 2294 944 2362 cst,
966 2294 1074 2348 tamen
1092 2303 1143 2346 re·

157 2368 294 2433 tinenda
327 2379 378 2432 est
412 2370 590 2452 promissio
626 2370 753 2454 gratiae
787 2380 821 2433 et
853 2371 942 2434 vitae
974 2381 1142 2447 aeternae,

80 2456 82 2466 ’
157 2455 251 2520 iuxta
272 2453 357 2518 baec
379 2456 482 2520 dicta:

244 2607 433 2675 Ezechielis
451 2607 502 2674 18.
536 2607 624 2672 Vivo
648 2626 729 2692 ego,
752 2607 830 2672 dicit
851 2607 1033 2686 Dominus,
1061 2604 1141 2671 nolo

155 2707 298 2761 mortem
319 2696 522 2781 peccatoris,
545 2695 605 2771 sed
627 2705 664 2758 ut
686 2703 918 2773 convertatur,
941 2704 975 2759 et
997 2696 1098 2758 vivat.

241 2816 335 2880 item:
359 2813 416 2879 Sic
438 2813 534 2878 Deus
556 2810 669 2877 dilexit
690 2814 857 2893 mundum,
878 2824 916 2879 ut
932 2811 1051 2878 Filium
1070 2813 1141 2877 uni·

157 2899 305 2985 genitum
331 2902 475 2979 dederit,
496 2910 534 2964 ut
556 2901 662 2962 omnis
685 2901 740 2984 qui
764 2900 869 2964 credit
892 2901 926 2964 in
950 2921 1041 2980 eum,
1072 2919 1140 2964 non

73 3021 75 3025 Α
156 2997 284 3072 pereat,
303 2988 364 3051 sed
385 2985 508 3051 habeat
529 2986 630 3049 vitam
651 2994 832 3049 aeternam.

243 3107 340 3169 item:
374 3103 495 3169 Venite
526 3104 570 3169 ad
602 3124 656 3168 me
685 3124 801 3169 omnes
829 3105 884 3190 qui
915 3102 1078 3170 laboratis
1108 3115 1141 3169 et

153 3191 289 3254 'onerati
312 3192 406 3269 estis,
428 3189 502 3274 Ego
525 3189 671 3254 reficiam
694 3210 768 3255 vos.

243 3310 338 3374 item:
360 3306 497 3373 Etiamsi
521 3310 652 3374 occidet
672 3328 736 3394 me,
760 3310 903 3391 sperabo
921 3310 956 3374 in
978 3328 1062 3373 eum.

243 3429 338 3493 ltem:
376 3428 585 3494 Sacrificium
615 3429 760 3494 Domino
790 3428 930 3513 Spiritus
964 3429 1139 3494 contritus.

158 3511 228 3580 Cor
245 3513 503 3580 contribulatum
525 3514 620 3580 Deus
643 3537 710 3580 non
734 3516 911 3600 despicies.
957 3542 963 3546 ·

224 3691 233 3701 .,
244 3632 289 3697 Et
309 3647 362 3699 est
378 3626 548 3700 aeternnm
570 3645 605 3698 et
625 3634 826 3700 immutabile
847 3635 1035 3699 mandatum
1053 3634 1141 3698 omni

156 3728 324 3801 tempore,
346 3732 382 3784 ut
403 3723 446 3784 ad
468 3719 578 3785 Deum
600 3734 849 3799 convertamur,
879 3721 970 3785 iuxta
1000 3721 1139 3785 dictum:

157 3800 394 3870 Convertimini
415 3807 547 3884 adme,
573 3818 607 3871 et
628 3827 692 3893 ego
722 3819 901 3873 convertar
929 3806 1070 3871 advos.
1099 3804 1141 3870 Et

155 3908 224 3963 non
243 3887 361 3953 volens
384 3892 649 3970 conversionem,
673 3913 735 3957 nec
758 3903 877 3977 petens
900 3892 1140 3975 remissionem,

150 3986 268 4039 manet
290 3977 398 4040 hostis
421 3974 502 4053 Dei,
525 3989 558 4039 et
580 3975 781 4042 contumelia
804 3998 878 4041 eum
899 3976 1021 4056 afficit,
1049 3978 1141 4042 iuxta

157 4059 295 4125 dictum:
320 4060 385 4133 Qui
403 4081 471 4127 non
487 4064 590 4125 credit
607 4063 640 4125 in
659 4063 789 4141 Filium,
813 4064 862 4127 ira
879 4062 942 4127 Dei
960 4073 1072 4128 manet
1086 4082 1142 4126 su-

155 4164 218 4232 per
241 4167 326 4249 eum.
372 4147 451 4212 ldeo
481 4149 568 4211 omni
597 4159 746 4232 tempore
768 4150 960 4213 necessaria
981 4160 1034 4213 est
1064 4168 1142 4213 con·

158 4251 283 4297 versio.

198 4445 205 4454 .
241 4400 298 4467 Vl.
343 4402 474 4468 Sexta
501 4405 800 4470 ‹ronsideratio
823 4416 876 4470 est
898 4426 1008 4469 rerum
1029 4418 1141 4490 peten-

155 4487 283 4567 darum,
302 4490 387 4554 sicut
408 4490 572 4555 lohannes
594 4493 711 4575 inquit:
735 4490 897 4578 Quicquid
918 4493 1077 4576 petieritis
1091 4511 1143 4556 se·

156 4574 302 4639 cundum
325 4573 529 4641 voluntatem
552 4579 639 4655 eius,
669 4578 759 4642 dabit
780 4578 896 4655 vobis,
924 4579 957 4643 id
982 4589 1052 4656 est,
1073 4599 1141 4642 non

155 4670 236 4722 sunt
257 4680 313 4724 res
336 4663 498 4746 petendae
525 4663 712 4749 prohibitae
740 4684 760 4726 a
788 4663 885 4742 Dco,
913 4665 976 4728 sed
1002 4685 1142 4749 quarum

180 4745 270 4809 etitio
299 4750 454 4834 congruit
481 4771 554 4814 cum
583 4745 777 4836 Decalogo,
804 4762 838 4814 et
863 4751 1141 4834 promissionibus

155 4764 276 4915 livinis
300 4832 461 4898 debonis
484 4833 711 4921 spiritualibus
734 4846 768 4900 et
787 4833 1031 4921 corporalibus,
1053 4837 1142 4900 sicut

155 4933 259 5002 supra
283 4918 405 4983 dictum
428 4932 493 5001 est,
513 4921 555 4984 dc
577 4922 788 4987 distinctione
809 4922 1076 5007 promissionum.
1097 4919 1141 4985 Et

154 5002 397 5093 promissiones
416 5003 501 5072 aliae
521 5003 703 5094 loquuntur
720 5010 767 5083 ¹de
788 5007 888 5075 bonis
898 5005 1141 5094 spiritualibus,

155 5083 243 5155 altae
264 5090 307 5155 de
329 5091 427 5158 bonis
451 5092 694 5180 corporalibus.
737 5092 815 5160 Utr'

1283 362 1417 435 Quanto
1437 363 1546 451 magis
1559 320 1791 428 Pater-vester
1809 359 1966 430 coelestis
1983 363 2081 451 ‚dabit
2101 362 2176 449 Spi-

1196 451 1293 514 ritum
1315 458 1468 514 sanctum
1489 451 1687 532 patentibus.

1218 655 1226 673 ι
1281 572 1375 634 ltemz
1408 564 1533 634 lnvoca
1565 589 1618 634 me
1644 571 1679 635 in
1706 569 1761 633 die
1788 565 2024 650 tribulationis,
2059 580 2093 634 et
2114 567 2177 634 eri·

1194 676 1283 739 pram
1305 666 1356 719 te.-

1280 778 1374 840 irem:
1393 771 1430 838 Si
1453 775 1528 858 quis
1551 775 1663 860 egebit
1680 774 1852 859 sapientia,
1872 784 1964 859 petat
1986 774 2059 839 sine
2081 772 2176 839 dubi·

1194 860 1330 938 tatione,
1352 871 1385 924 et
1407 860 1541 924 dabitur
1562 862 1603 924 ei.

1280 982 1372 1045 item:
1401 977 1502 1044 Pater
1531 990 1564 1043 et
1592 977 1702 1043 Mater
1723 956 1971 1064 dereliquerunt
1993 998 2065 1060 me,
2094 976 2176 1043 Do·
2260 1032 2265 1039 r

1194 1064 1327 1132 minus
1350 1076 1460 1130 autem
1479 1066 1628 1149 suscepit
1646 1085 1709 1129 me.
1824 1101 1835 1121 .
1924 1071 1933 1082 '

1280 1188 1373 1254 Item:
1395 1182 1535 1249 'limenti
1549 1182 1728 1249 Dominum
1741 1205 1807 1249 non
1819 1184 1921 1248 deerit
1933 1185 2175 1249 omnebonum.

1279 1307 1373 1369 item:
1415 1301 1541 1368 blultae
1571 1302 1800 1369 tribulationes
1832 1304 2013 1383 iustorum,
2045 1304 2109 1371 sed
2135 1323 2177 1368 ex

1195 1391 1347 1454 omnibus
1370 1386 1525 1454 liberabit
1548 1409 1608 1455 eos
1630 1389 1806 1454 Dominus.

1280 1508 1333 1573 Ac
1355 1508 1428 1572 vult
1448 1506 1543 1573 Deus
1568 1511 1719 1575 exerceri
1740 1508 1986 1574 invocationem
2010 1519 2044 1573 et
2061 1508 2176 1573 Fidem

1193 1596 1352 1679 petitione
1381 1593 1603 1680 corporalium
1625 1617 1748 1674 rerum,
1776 1596 1866 1660 iuxta
1888 1595 2025 1660 dictum:
2051 1595 2176 1660 Panem

1194 1693 1346 1746 nostrum
1368 1682 1593 1766 quotidianum
1616 1683 1659 1746 da
1680 1683 1777 1746 nobis
1797 1680 1910 1759 hodie,
1928 1693 1992 1746 etc.

1285 1835 1424 1920 Semper
1445 1845 1553 1899 autern
1575 1831 1692 1921 regula
1708 1834 1831 1899 tuenda
1855 1846 1923 1912 est,
1952 1832 1989 1896 ln
2016 1834 2177 1917 petitione

1196 1919 1420 2003 corporalium
1448 1922 1612 1984 bonorum
1641 1933 1797 2004 oportere
1828 1918 2021 2005 praelucere
2048 1919 2175 2000 Fidem,

1194 2027 1280 2092 quae
1312 2007 1434 2089 accipit
1466 2007 1720 2089 promissionem
1750 2005 1904 2084 Gratiae,
1941 2007 2033 2069 iuxta
2072 2007 2176 2071 dicta:

1193 2092 1299 2155 Nemo
1323 2092 1453 2154 accedit
1474 2092 1516 2155 ad
1545 2091 1694 2170 Patrem,
1727 2092 1792 2155 nisi
1820 2089 1881 2176 per
1907 2089 2034 2156 Filium.
2079 2089 2175 2155 ltemt

1195 2176 1360 2261 Quicquid
1393 2177 1554 2260 petieritis
1582 2176 1712 2241 Patrem
1740 2180 1773 2242 in
1800 2178 1931 2248 nomine
1961 2197 2052 2255 meo,
2085 2178 2178 2241 dabit

1194 2263 1302 2327 vobis.
1345 2261 1442 2326 ltern:
1471 2262 1508 2326 ln
1531 2261 1666 2327 Christo
1691 2282 1806 2335 omnes
1828 2262 2071 2348 promissiones
2099 2271 2178 2327 sunt

1193 2358 1296 2412 ratae.

1207 2477 1208 2481 Ἰ
1281 2499 1445 2565 Addenda
1466 2513 1521 2565 est
1543 2511 1576 2566 et
1598 2502 1777 2566 admonitio
1792 2503 1834 2566 de
1845 2476 2007 2579 mora,⁶et
2023 2501 2065 2568 de
2076 2502 2176 2565 modo

1194 2584 1412 2651 liberationis.
1456 2586 1538 2652 Vult
1555 2586 1648 2653 Deus
1672 2608 1766 2652 suam
1787 2587 2009 2671 praesemiam
2033 2587 2177 2674 agnosci
2267 2640 2290 2660 a

1192 2675 1226 2737 in
1244 2670 1411 2750 Ecclesia,
1435 2683 1467 2736 et
1489 2694 1510 2737 a
1533 2693 1571 2737 se
1589 2675 1657 2757 peti
1673 2692 1714 2737 ac
1730 2674 1897 2757 expectari
1915 2670 2082 2756 auxilium,
2103 2670 2177 2737 vult

1194 2759 1345 2823 exerceri
1366 2757 1499 2833 Fidem,
1531 2757 1777 2823 invocationem
1804 2771 1837 2822 et
1859 2759 1979 2842 Spem,
2012 2778 2076 2822 nec
2105 2754 2178 2823 vult

1194 2843 1334 2910 consilia
1355 2843 1502 2908 humana
1519 2864 1580 2907 seu
1597 2846 1817 2931 cogitationes
1836 2843 1998 2907 humanas
2016 2845 2178 2908 dominari

1193 2932 1226 2995 in
1251 2931 1489 3016 gubernatione
1510 2932 1611 3007 vitae,
1634 2931 1694 2994 sed
1717 2927 1787 2995 vult
1811 2930 1902 3007 sciri,
1919 2928 2107 2994 Ecclesiam
2129 2931 2177 2994 di·

1191 3018 1316 3167 pipitup
1333 3018 1414 3100 regi,
1437 3018 1524 3080 sicut
1541 3017 1659 3102 inquit:
1682 3016 1734 3081 Ne
1756 3018 1887 3103 dicatis,
1908 3035 2026 3080 manus
2037 3029 2176 3081 nostrae

1237 3122 1277 3167 ec
1313 3112 1460 3167 ecerunt.

1277 3254 1353 3319 Non
1375 3255 1476 3342 igitur
1493 3256 1549 3321 dat
1566 3266 1705 3321 eventus
1721 3276 1809 3335 mox,
1833 3266 1877 3347 et
1887 3257 1928 3319 iis
1946 3255 2065 3332 modia,
2089 3273 2176 3339 quos

1193 3342 1318 3426 cogitat
1345 3342 1490 3405 humana
1516 3343 1611 3407 ratio.
1656 3341 1720 3420 Ut,
1748 3341 1946 3426 Quanquam
1976 3341 2177 3424 promiserat

1192 3426 1300 3504 Deus,
1324 3447 1363 3492 se
1385 3438 1595 3491 servaturum
1616 3448 1695 3492 esse
1716 3429 1853 3510 stirpem
1876 3427 1969 3505 luda,
1992 3428 2101 3491 donec
2118 3446 2176 3489 na·

1134 3552 1136 3557 ·
1193 3511 1517 3577 scereturlllessias:
1541 3513 1664 3577 Tamen
1677 3525 1770 3577 erant
1786 3515 1903 3578 inanes
1921 3513 2175 3598 imaginationes

1192 3598 1336 3663 bostium
1359 3598 1535 3677 ieremiae,
1565 3601 1619 3683 qui
1643 3600 1873 3682 disputabant,
1902 3619 1969 3663 non
1992 3618 2095 3683 posse
2119 3599 2175 3663 de·

1192 3681 1254 3749 leri
1287 3681 1444 3768 templum
1478 3695 1512 3748 ct
1538 3682 1685 3768 politiam
1713 3687 1784 3749 eius
1817 3687 1987 3768 temporis.
2038 3683 2177 3748 Poterat

1193 3772 1279 3834 enim
1298 3769 1393 3834 Deus
1416 3768 1513 3834 aliter
1533 3780 1569 3834 et
1591 3785 1728 3835 servare
1742 3782 1774 3833 et
1787 3773 1974 3847 restituere,
1997 3790 2097 3855 quam
2112 3769 2177 3851 ipsl

1193 3856 1397 4003 coqitabant.
1442 3855 1484 3919 Et
1505 3875 1624 3920 revera
1650 3857 1758 3920 maior
1780 3853 1889 3940 gloria
1917 3854 1979 3920 fuit
2004 3851 2118 3939 populi
2141 3855 2176 3918 ln

1193 3964 1235 4007 ex

1194 4028 1301 4092 ctrina
1321 4028 1354 4091 in
1377 4047 1498 4112 magna
1521 4039 1615 4110 parte
1636 4048 1672 4091 re
1698 4027 1731 4089 ni
1753 4025 1950 4113 Babylonici
1980 4039 2013 4090 et
2034 4027 2175 4105 Persici,

1193 4124 1271 4177 sunt
1304 4114 1460 4177 conversi
1498 4124 1640 4197 quatuor
1712 4133 1810 4199 egro,
1848 4111 2174 4192 Nabuchodonosor,

1192 4197 1444 4282 Eplrimerodas,
1468 4195 1592 4263 Darius
1615 4197 1746 4276 atauus,
1770 4199 1935 4285 etCyrus.
1981 4198 2079 4262 Edita
2094 4210 2177 4262 sunt

1193 4285 1343 4349 miranda
1364 4286 1566 4369 testimonia,
1582 4287 1708 4350 servati
1725 4297 1797 4349 tres
1818 4286 1880 4351 viri
1901 4287 1937 4350 in
1954 4285 2034 4371 igni,
2051 4282 2177 4349 Daniel

1192 4371 1280 4435 inter
1300 4368 1429 4448 leones,
1453 4381 1518 4435 etc.

1281 4506 1446 4592 Obiurgat
1472 4508 1571 4592 igitur
1598 4504 1706 4571 ludith
1736 4528 1809 4590 cap.
1832 4506 1864 4572 8.
1888 4506 1999 4585 cives,
2022 4507 2078 4592 qui
2102 4506 2175 4573 dies

1194 4596 1337 4679 quinque
1365 4591 1614 4675 praefinierunt:
1643 4592 1721 4665 Qui
1743 4594 1850 4659 estis
1877 4613 1969 4668 vos,
1997 4594 2062 4678 qui
2090 4603 2176 4657 ten·
2228 4634 2231 4639 -

1193 4680 1294 4744 tatis
1323 4678 1552 4755 Dominum,
1581 4679 1785 4762 posuistis
1814 4691 1970 4763 tempus
2000 4680 2176 4744 miser-a·
2244 4744 2249 4771 Ι

1192 4767 1323 4831 tionis
1344 4762 1545 4828 Domino?

1279 4919 1347 4985 Sed
1370 4914 1488 5005 regula
1509 4918 1653 4983 tenenda
1669 4914 2062 4997 estdeCircumstantiis,
2084 4914 2176 4983 Aba·

1193 5024 1256 5071 cuc
1287 5006 1319 5069 2.
1363 5003 1406 5068 Si
1445 5024 1596 5068 moram
1639 5003 1812 5083 lecerit,
1856 5016 2031 5089 expecta
2075 5024 2174 5077 eum,

1191 5093 1287 5177 quia
1314 5090 1488 5156 veniens
1514 5091 1669 5171 veniet,
1703 5102 1743 5155 et
1768 5111 1850 5158 non
1879 5090 2079 5156 tardabit‘
2130 5086 2176 5184 Et

1238 3942 1310 4018 iio,
1331 3961 1429 4025 quam
1453 3943 1541 4006 domi
1562 3938 1698 4018 fuisset,
1727 3943 1805 4026 quia
1833 3952 2020 4027 propagata
2042 3952 2094 4005 est
2116 3941 2176 4005 do·
2275 3941 2278 3945 ’
2308 4032 2311 4039 1
