4628 5588
131 124 241 227 otc-

79 352 89 363 ‘
132 335 294 424 reliquam
315 333 513 409 ,libertatem
545 334 658 422 aliquo
697 336 796 402 modo
835 335 943 403 ciendi
977 346 1116 400 externa

132 427 293 504 membra,
320 444 383 490 seu
404 423 542 511 regendi
563 419 816 503 locomotivam,
850 434 885 489 ut
907 419 1045 508 Physici
1064 418 1116 485 lo·

133 522 289 597 quantur.
333 509 412 575 ldeo
436 512 522 575 eniui
546 530 648 595 opera
669 508 772 614 Legis
806 508 960 574 dicuntur
992 507 1116 574 iustitia
1216 528 1223 546 “

134 598 263 674 carnis,
277 620 280 625 ·
296 598 375 682 quia
390 594 489 661 huius
510 608 651 662 naturae
674 597 801 661 viribus
824 605 993 680 utcunque
1015 593 1115 660 etiam

133 702 244 750 anon
266 684 394 769 renatis
417 693 554 748 externa
574 680 678 768 Legis
701 701 805 765 opera
828 679 917 747 effici
937 692 1092 765 possunt.

219 851 390 921 Abstinuit
410 847 604 919 Alexander
626 875 648 919 a
669 851 801 921 filiabus
824 851 918 918 Darii
950 857 1115 919 coercens

133 952 270 1007 extenta
298 942 457 1005 membra.
501 940 561 1005 Sic
593 951 626 1005 εῖ
654 939 751 1005 Paris
786 944 944 1005 coercere
978 949 1115 1005 externa

765 144 879 213 auu
901 142 1013 265 tien·
1029 141 1219 213 sonim
1239 144 1520 236 nocnmrrca.

2081 146 2148 215 m
2279 135 2286 143 .

1166 336 1254 417 Deo,
1283 357 1347 403 sna
1366 334 1539 403 voluntate
1560 332 1667 401 libere
1686 282 1864 423 repugnat,
1890 337 1983 404 iuxta
2003 336 2146 404 dictum:

1167 423 1313 495 Perditio
1336 443 1379 489 ex
1399 435 1440 489 te·
1454 432 1519 502 cst,
1543 443 1564 488 a
1585 442 1638 487 me
1659 433 1768 487 autam
1789 419 1896 489 salus.

1254 559 1327 626 Hac
1348 550 1491 646 simplici
1513 560 1724 626 enarratione
1747 561 1892 627 contenti
1919 560 2037 637 simus,
2069 560 2149 646 qnia

1168 657 1260 712 certe
1292 666 1434 712 necesse
1463 655 1515 711 est
1541 646 1686 712 discerni
1708 647 2021 713 determinationem
2041 646 2148 713 bona·

1166 754 1240 886 31:¹1
1256 734 1440 887 pffionnm,
1462 751 1547 818 quas
1569 729 1640 799 volt
1661 730 1769 814 Deus,
1791 729 2030 847 etmalorum,
2063 750 2149 821 quas

20 4262 29 4279 ,
136 4228 301 4295 passurus
322 4210 377 4290 sit,
398 4220 436 4275 ut
455 4210 629 4294 praevidet
641 4210 709 4277 Seu
724 4232 775 4276 em
793 4216 952 4281 ruiturum
973 4234 1060 4296 εεεε,
1084 4227 1118 4281 et

133 1029 280 1094 membra
311 1037 454 1112 poterat.
507 1025 587 1091 ldeo
621 1027 754 1092 dicitur:
793 1026 865 1091 Lex
896 1037 949 1091 est
979 1024 1112 1091 iniustis

133 1115 257 1200 posita,
276 1113 311 1179 id
333 1124 398 1192 est,
421 1115 464 1179 ad
488 1113 695 1178 coercendos
718 1132 785 1177 non
807 1123 965 1193 renatos,
995 1124 1028 1179 εῖ
1057 1133 1115 1196 pu·

91 1244 99 1255 ·
133 1199 273 1267 niendos
296 1210 522 1265 contumaces.
566 1198 619 1263 Ac
645 1199 710 1265 nisi
736 1196 823 1264 baec
843 1196 980 1265 libertas
1004 1195 1114 1284 aliquo

131 1288 232 1353 modo
255 1282 315 1351 reli
340 1305 384 1352 ua
406 1297 515 1366 esset,
547 1282 640 1350 nulla
670 1281 796 1351 utilitas
818 1295 912 1352 esset
931 1284 1060 1374 Legrnn
1081 1296 1115 1350 et
1251 1280 1396 1351 llierem.
1420 1280 1473 1348 10.
1516 1280 1597 1348 Scio
1615 1280 1773 1364 Domine,
1806 1282 1896 1368 qnod
1916 1303 1987 1349 non
2013 1294 2067 1349 est
2087 1283 2149 1352 ho·

132 1372 234 1440 totius
258 1373 288 1437 ci
313 1373 367 1435 “s
389 1372 649 1458 gubernationis.
988 1376 993 1385 '
1164 1370 1263 1437 minis
1280 1370 1335 1436 via
1354 1372 1439 1450 eius,
1470 1389 1535 1434 nec
1557 1381 1609 1433 est
1631 1368 1692 1432 riri
1713 1369 1858 1457 dirigere
1880 1389 2020 1457 gressus
2053 1390 2148 1439 suos

552 1510 555 1515 .
1165 1457 1217 1523 lin
1232 1457 1300 1522 boc
1322 1457 1411 1521 dicto
1434 1454 1675 1521 ratiocinantur
1742 1455 1839 1536 'dana
1861 1453 2067 1523 voluntatem
2088 1454 2150 1524 bo·

220 1541 337 1609 Manet
368 1542 468 1629 igitur
498 1539 611 1629 aliqua
642 1539 798 1625 libertas,
855 1562 919 1610 aaa
950 1539 1029 1609 fons
1061 1552 1114 1609 εεῖ
1164 1545 1261 1609 minis
1287 1564 1352 1609 nec
1372 1545 1536 1608 bonarum
1557 1561 1620 1607 nec
1642 1561 1674 1604 m

134 1630 379 1716 contingentiae
413 1630 512 1695 etiam
540 1630 707 1695 actionum
735 1641 814 1715 post
832 1564 969 1715 lapsum
992 1629 1113 1716 primo·
1166 1650 1255 1696 esse.
1282 1629 1360 1697 ideo
1383 1649 1420 1693 re
1464 1626 1585 1706 ondeo,
1606 1628 1747 1712 primum
1764 1626 1902 1712 phrasin
1920 1639 2013 1694 recte
2028 1626 2150 1696 intelli·

133 1736 207 1782 rum
251 1728 411 1795 arentum,
433 1716 515 1804 quia'
528 1717 752 1802 contingentia
770 1716 993 1795 nominentur,
1016 1736 1113 1802 qnae,
1164 1718 1405 1803 gendamesse.
1456 1715 1489 1779 ia
1499 1712 1897 1798 significatrocationem,
1908 1716 2015 1795 idest,
2026 1719 2149 1802 guber

133 1738 320 1881 cumbunt,
342 1799 465 1866 babent
487 1822 641 1881 causam,
664 1822 750 1887 quae
799 1813 907 1867 cterat
929 1823 970 1867 ex
994 1814 1113 1867 natura
1164 1805 1331 1869 nationem
1352 1801 1477 1866 bomini
1497 1800 1688 1865 mandatam
1707 1812 2004 1887 quaecunqueest,
2025 1803 2150 1871 sivein

47 1932 53 1944 ·
132 1906 197 1956 saa
228 1886 324 1953 aliter
356 1906 479 1974 agere,
510 1899 547 1952 ut
579 1886 664 1953 baca
693 1889 726 1953 in
783 1887 912 1975 bysicis
942 1888 1112 1974 copiosius
1164 1885 1332 1968 Ecclesia,
1355 1888 1483 1953 sivein
1506 1882 1637 1965 Politia,
1660 1885 1789 1953 sivein
1812 1886 1981 1955 Occomia.

135 1971 362 2053 declarantur,
385 1974 442 2042 ubi
463 1987 497 2040 et
543 1975 647 2041 radus
670 1974 883 2041 necessitatis
906 1975 1113 2061 distinguun-

133 2070 198 2127 tur.
240 2057 315 2125 Etsi
335 2073 446 2126 autem
468 2083 499 2126 m
537 2072 572 2124 ta
595 2074 718 2127 'contra
747 2062 976 2144 disputantur,
1004 2073 1113 2127 tamen
1249 2057 1365 2125 Monet
1409 2058 1510 2144 igitur
1548 2055 1729 2144 Propheta,
1772 2073 1808 2126 ot
1850 2072 1885 2126 et
1927 2058 2150 2127 infirmitatem

132 2147 307 2213 retinenda
328 2159 381 2211 est
402 2167 484 2213 vera
505 2150 670 2213 sententia
693 2147 726 2212 in
748 2149 881 2234 scriptis
904 2146 1114 2232 Propheticis
1164 2158 1313 2213 nostram
1353 2145 1614 2223 consideremus,
1646 2157 1680 2209 et
1711 2157 1865 2229 petamus
1892 2158 1987 2213 recta
2009 2144 2151 2213 consilia

133 2242 170 2299 et
184 2229 392 2317 Apostoliois
414 2234 547 2313 andiu,
571 2244 605 2299 εῖ
625 2234 751 2318 puriori
772 2235 929 2300 vetustati
940 2230 1114 2299 Ecclesiae
1164 2234 1263 2300 nobis
1291 2229 1409 2299 aDeo
1444 2220 1577 2297 ostendi
1610 2242 1644 2295 et
1676 2230 1748 2297 dari
1775 2229 1894 2299 felices
1926 2244 2083 2300 eventus:
2117 2246 2151 2299 et

134 2317 295 2405 phabata,
333 2339 420 2403 qnae,
450 2319 567 2385 Stoica
604 2331 637 2383 et
669 2318 869 2386 Manicbaea
900 2316 1116 2386 deliramenta
1166 2321 1310 2406 dirigere
1358 2337 1473 2384 ressus
1495 2316 1663 2403 significat
1683 2328 1788 2402 recta,
1815 2316 1951 2386 foelicia
1971 2330 2005 2386 et
2024 2317 2151 2387 saluta·

134 2424 257 2492 magno
280 2423 450 2470 consensu
472 2405 685 2489 improbavit.
727 2403 937 2491 Explicanda
958 2414 1037 2471 sunt
1059 2425 1116 2470 ao·
1165 2407 1216 2473 ria
1237 2425 1322 2472 cons
1358 2424 1416 2470 ere
1439 2414 1471 2469 et
1491 2422 1606 2490 agere.

134 2500 203 2557 tam
224 2489 387 2577 quaedam
409 2491 577 2559 contraria
598 2504 805 2579 argumenta.

1320 1115 1603 1202 Secundum
1631 1129 2004 1229 argumentum·

1252 2575 1315 2642 Ea
1335 2575 1435 2662 igitur
1456 2570 1629 2641 fallaciae
1650 2575 1741 2643 dicto
1763 2577 1948 2644 secundum
1975 2576 2072 2664 quid,
2106 2579 2150 2644 ad

1168 2664 1291 2729 dictum
1313 2660 1517 2749 simpliciter.
1561 2659 1703 2726 Vocatio
1727 2660 1888 2742 Davidis,
1915 2685 1985 2730 non
2006 2677 2059 2731 est
2079 2660 2151 2731 loe·

1166 2747 1214 2815 lix
1235 2750 1308 2814 siue
1329 2747 1417 2814 Deo.
1460 2746 1553 2833 Ergo
1585 2746 1695 2814 David
1728 2747 1811 2815 nihil
1842 2750 1924 2836 agit.
1967 2750 2060 2830 ltem,
2080 2748 2152 2817 Da·

1166 2836 1224 2905 rid
1244 2835 1439 2901 necessario
1461 2835 1549 2920 rapit
1570 2832 1707 2900 alterius
1725 2836 1912 2923 coniugem.
1956 2835 2053 2917 llaec,
2070 2857 2152 2904 csse

1167 2920 1356 3074 &gilimer
1388 2918 1598 2987 manifestum
1629 2931 1701 3002 est,
1731 2943 1754 2989 a
1780 2920 1972 3007 particulari
2003 2924 2047 2989 ad
2078 2924 2152 2991 uni·

1167 3031 1189 3075 v
1280 3030 1311 3074 ε.

390 2867 397 2881 ·
511 2822 739 2907 Primum.

195 3027 493 3110 Determinatio
522 3028 660 3119 divina
690 3042 755 3113 est
783 3030 1054 3115 immutabilis.

198 3144 347 3351 Onssnia
378 3149 654 3260 contingentia
685 3160 779 3233 sunt
801 3150 1117 3236 determinatae

299 3297 360 3351 eo.

196 3387 338 3502 Ergoz·
355 3385 521 3495 Omnia,
559 3416 664 3503 quae
693 3391 815 3499 fiunt,
846 3403 942 3476 sunt
968 3392 1118 3475 immuss

255 3509 396 3595 tabilia
426 3523 469 3595 et
497 3512 734 3596 necessaria.

1256 3177 1493 3247 Consideremr
1514 3189 1638 3259 autem,
1669 3180 1726 3246 ubi
1760 3181 1806 3246 sit
1835 3191 1954 3246 nostra
1976 3179 2151 3250 infimnitas

1170 3267 1243 3332 sive
1268 3261 1492 3345 imbecillitas,
1516 3262 1606 3330 aliud
1628 3277 1681 3331 est
1703 3263 1824 3332 electio
1845 3267 1880 3332 iu
1902 3279 2013 3334 menta
2036 3280 2072 3333 εῖ
2092 3290 2152 3334 uc·

1169 3352 1307 3432 laniate,
1336 3349 1425 3418 aliud
1454 3362 1605 3416 eventus.
1648 3351 1815 3418 lnterdum
1844 3373 1994 3420 erramus
2027 3355 2061 3419 in
2094 3352 2152 3421 cli·

1170 3536 1205 3594 εῖ
1239 3522 1396 3609 iosaphat
1426 3523 1614 3609 adiungens
1646 3542 1686 3590 se
1717 3526 1817 3610 impio
1851 3526 1934 3612 regi.
1983 3526 2173 3601 interdum.

1170 3611 1269 3678 etiam
1291 3631 1368 3678 oum
1388 3630 1457 3676 non
1484 3622 1537 3675 est
1563 3629 1659 3675 error
1691 3608 1835 3691 consilii,
1867 3624 1975 3679 umen
2008 3626 2152 3683 eventus

1170 3709 1223 3764 est
1245 3697 1390 3776 infoelix,
1423 3709 1459 3761 ut
1481 3716 1583 3782 saepe
1606 3718 1681 3761 cum
1702 3696 1854 3764 Medicus
1877 3718 1944 3764 non
1967 3713 2069 3778 errat,
2102 3713 2152 3768 ta·

1169 3804 1245 3849 men
1269 3785 1396 3849 curatio
1419 3804 1486 3850 non
1513 3784 1666 3868 procedit
1688 3803 1729 3848 cx
1751 3781 1818 3850 alia
1840 3805 1954 3851 eausa.
1998 3785 2084 3852 Non‘
2101 3808 2153 3853 er·

1169 3881 1246 3935 rant
1272 3868 1445 3936 israelitae
1476 3870 1620 3955 punituri
1642 3869 1826 3950 Beniamin,
1858 3882 1893 3938 et
1921 3883 2031 3939 tamen
2058 3870 2153 3941 multi

1169 3956 1387 4022 trucidantur.
1431 3957 1507 4021 Non
1537 3957 1694 4021 errabant
1716 3955 1829 4024 ludaei
1859 3957 2059 4025 resistentes
2080 3959 2153 4029 An·

1169 4043 1294 4123 tiocbo,
1329 4054 1363 4109 et
1389 4054 1499 4108 tamen
1525 4062 1666 4128 magnac
1688 4041 1805 4110 clades
1826 4055 1987 4131 acceptae
2007 4058 2086 4113 sunt
2108 4067 2154 4115 ex

222 3649 424 3778 Respondeo
457 3695 501 3759 ad
533 3695 701 3762 maiorem.
745 3692 985 3763 Determinatio
1008 3697 1119 3765 divina

62 3804 65 3809 ·
136 3789 190 3846 est
207 3776 431 3884 immutabilis,
453 3778 581 3846 scilicet
597 3784 724 3887 ratione
741 3786 1010 3868 consequentiae,
1056 3805 1119 3849 uae

135 3865 1118 4038 bibillbblnalloborlffirbnbbolblllatbln·uaffibtsblltabreffiblt}

135 4046 174 4103 nt
194 4037 474 4102 resurrectionem
502 4048 723 4119 mortuorum,
802 4041 864 4105 'ter
895 4038 1000 4122 mala,
1032 4062 1119 4128 quae

135 4143 245 4209 neom
265 4120 338 4190 vult
359 4142 467 4208 neque
488 4120 604 4203 cilicii,
625 4127 684 4191 sed
702 4127 874 4276 praevidet
890 4148 1066 4215 quousque
1076 4149 1117 4194 ea
1170 4126 1244 4235 aliis
1267 4130 1391 4280 wbscib’
1424 4126 1909 4282 'lblltnlbeugurlliag'rrlllmgom
1929 4145 2069 4280 pleccata
2089 4155 2153 4285 pu}

1169 4227 1310 4368 bbllclts
1341 4302 1376 4366 in
1404 4238 1569 4367 allovendo
1599 4238 2152 4387 Pelopomesiaeonlblllbffmllrdti

1169 4399 1204 4453 et
1220 4386 1360 4454 aliorum
1379 4383 1675 4467 innumerabilium,
1695 4399 1732 4454 ut
1748 4390 1868 4456 dicitur
1878 4389 2073 4458 Proverbio.
2097 4391 2152 4457 lt

791 4530 798 4540 .
1168 4472 1231 4541 Est
1252 4475 1324 4559 ria,
1357 4494 1444 4560 quae
1471 4474 1603 4540 videtur
1634 4471 1757 4540 bomiri
1786 4478 1887 4558 bona,
1919 4477 2016 4545 cuias
2037 4478 2154 4544 noris·

223 4550 314 4619 Talis
358 4555 589 4622 determinatio
622 4554 783 4624 malarum
815 4559 984 4627 actionum
1016 4557 1117 4648 longe
1168 4562 1252 4627 sima
1274 4561 1401 4627 ducunt
1421 4561 1465 4626 ad
1491 4570 1642 4626 mortem.
1677 4559 1729 4653 ,El
1748 4560 1916 4650 Theognis
1943 4564 2068 4649 inquit:
2099 4562 2152 4630 ου’-

136 4634 246 4705 dlllert
266 4660 287 4708 a
305 4641 579 4710 determinatione
594 4644 740 4730 positiva
756 4646 917 4713 bonarum
937 4646 1117 4715 actionum.
1169 4645 1233 4722 δεῖς
1254 4644 1432 4753 dccccxcv
1458 4652 1537 4713 lario
1565 4643 1685 4713 inuno
1713 4647 1818 4734 σοφός.
1863 4648 1975 4753 Quare
1998 4650 2153 4758 consido·

223 4806 332 4877 Aliter
347 4815 447 4919 etiam
466 4816 592 4903 agitet
614 4817 819 4885 determinat
828 4819 981 4885 ¹actiones
1002 4820 1037 4886 in
1059 4840 1118 4885 vo·
1169 4732 2153 4912 mitagfflrtggsulffiuagabdlestgsmegffluffl’littam

137 4892 265 4963 laniate
285 4896 464 4980 hommum,
497 4900 595 4969 aliter
627 4903 660 4968 in
689 4916 820 4985 natura,
853 4926 939 4993 quae
959 4926 1027 4971 non
1049 4907 1119 4994 agit
1170 4905 1204 4971 in
1226 4925 1320 4985 eum,
1341 4906 1374 4973 id
1397 4922 1461 4988 est,
1482 4904 1537 4972 iac
1559 4909 1753 4999 necessario
1774 4910 1808 4975 in
1831 4910 2026 4990 vocatione,
2047 4922 2081 4977 et
2101 4911 2152 4977 ni·

135 4978 254 5063 libera,
287 4995 324 5050 ut
345 4985 484 5052 dicitur:
517 4986 632 5056 Trahit
651 4989 759 5071 Deus,
780 4994 842 5058 sed
864 4988 1032 5059 volentem
1051 5004 1119 5058 tra-
1171 4989 1218 5057 hil
1239 4989 1346 5059 iacias
1369 5006 1488 5071 contra
1519 5003 1701 5081 praecepta
1720 4992 1812 5075 Dill,
1845 5008 1878 5061 et
1910 5008 1989 5081 pete
2020 5017 2063 5063 ec
2093 5017 2152 5063 ax·

135 5066 198 5151 bit,
252 5069 358 5152 Quis,
389 5092 465 5139 cum
496 5093 565 5141 non
593 5086 801 5165 optemperat
830 5078 944 5146 David
975 5077 1120 5148 trahenti
1169 5088 1269 5165 pecta
1299 5077 1458 5161 ciuilium
1489 5080 1532 5149 ab
1565 5100 1633 5165 eo,
1650 5081 1744 5147 iuxta
1773 5081 1914 5151 diutunaz
1946 5080 2153 5153 Coma&

134 4306 258 4361 metam
281 4296 463 4403 constituit,
483 4296 516 4362 in
540 4317 606 4383 qua
622 4318 696 4403 ‘2⁰¹3'
713 4318 931 4383 repressimus
951 4302 1008 4382 sit,
1028 4304 1117 4369 sicut

135 4380 187 4447 ue
202 4379 409 4449 Sennaberrb
432 4384 567 4450 dicitur:
590 4382 737 4452 lnucram
754 4386 785 4486 ei
806 4382 947 4453 irenam.

1770 1565 1803 1608 m
1823 1544 1990 1608 actionum
2011 1563 2150 1611 causam
2237 1564 2240 1569 ·

1170 3439 1294 3528 gendo,
1323 3450 1359 3503 ut
1387 3448 1478 3502 errat
1501 3436 1608 3503 iosias
1637 3435 1785 3504 inferens
1815 3437 1940 3507 bellum
1961 3441 2151 3528 Aegyptiis,
2259 3478 2262 3483 ·
