<?xml version="1.0" encoding="UTF-8"?>
<!DOCTYPE html PUBLIC "-//W3C//DTD XHTML 1.0 Transitional//EN"
    "http://www.w3.org/TR/xhtml1/DTD/xhtml1-transitional.dtd">
<html xmlns="http://www.w3.org/1999/xhtml" xml:lang="en" lang="en">
 <head>
  <title>
</title>
<meta http-equiv="Content-Type" content="text/html;charset=utf-8" />
  <meta name='ocr-system' content='tesseract 3.04.00' />
  <meta name='ocr-capabilities' content='ocr_page ocr_carea ocr_par ocr_line ocrx_word'/>
</head>
<body>
  <div class='ocr_page' id='page_1' title='image "./corpusreformato03melagoog_0347.png"; bbox 0 0 4628 5588; ppageno 0'>
   <div class='ocr_carea' id='block_1_1' title="bbox 47 162 2168 245">
    <p class='ocr_par' dir='ltr' id='par_1_1' title="bbox 47 162 2168 245">
     <span class='ocr_line' id='line_1_1' title="bbox 47 162 2168 245; baseline 0.002 -5"><span class='ocrx_word' id='word_1_1' title='bbox 47 162 53 175; x_wconf 60' lang='lat'><strong>¹</strong></span> <span class='ocrx_word' id='word_1_2' title='bbox 143 172 215 241; x_wconf 74' lang='grc'>343</span> <span class='ocrx_word' id='word_1_3' title='bbox 774 171 886 238; x_wconf 66' lang='lat' dir='ltr'>Plllla</span> <span class='ocrx_word' id='word_1_4' title='bbox 904 172 1008 239; x_wconf 79' lang='lat' dir='ltr'><strong>MEL.</strong></span> <span class='ocrx_word' id='word_1_5' title='bbox 1026 170 1213 241; x_wconf 78' lang='lat' dir='ltr'><strong>SCRIPTA</strong></span> <span class='ocrx_word' id='word_1_6' title='bbox 1229 168 1509 241; x_wconf 72' lang='lat' dir='ltr'>noonttrtca</span> <span class='ocrx_word' id='word_1_7' title='bbox 1729 238 1731 243; x_wconf 84' lang='lat'><em>.</em></span> <span class='ocrx_word' id='word_1_8' title='bbox 2099 176 2168 245; x_wconf 78' lang='lat' dir='ltr'>tu</span> 
     </span>
    </p>
   </div>
   <div class='ocr_carea' id='block_1_2' title="bbox 147 359 2286 453">
    <p class='ocr_par' dir='ltr' id='par_1_2' title="bbox 147 359 2286 453">
     <span class='ocr_line' id='line_1_2' title="bbox 147 359 2286 453; baseline -0.002 -22"><span class='ocrx_word' id='word_1_9' title='bbox 147 376 246 431; x_wconf 86' lang='lat' dir='ltr'>tanus</span> <span class='ocrx_word' id='word_1_10' title='bbox 269 363 402 431; x_wconf 87' lang='lat' dir='ltr'>intravit</span> <span class='ocrx_word' id='word_1_11' title='bbox 423 363 457 428; x_wconf 93' lang='lat' dir='ltr'>in</span> <span class='ocrx_word' id='word_1_12' title='bbox 476 382 562 428; x_wconf 89' lang='lat' dir='ltr'>eum.</span> <span class='ocrx_word' id='word_1_13' title='bbox 586 361 671 429; x_wconf 91' lang='lat' dir='ltr'>llinc</span> <span class='ocrx_word' id='word_1_14' title='bbox 693 374 771 429; x_wconf 88' lang='lat' dir='ltr'>suut</span> <span class='ocrx_word' id='word_1_15' title='bbox 792 362 942 429; x_wconf 87' lang='lat' dir='ltr'>incestae</span> <span class='ocrx_word' id='word_1_16' title='bbox 962 362 1130 444; x_wconf 78' lang='lat' dir='ltr'>libidines,</span> <span class='ocrx_word' id='word_1_17' title='bbox 1182 361 1267 427; x_wconf 88' lang='lat' dir='ltr'>eius.</span> <span class='ocrx_word' id='word_1_18' title='bbox 1310 360 1448 428; x_wconf 86' lang='lat' dir='ltr'>Deinde·</span> <span class='ocrx_word' id='word_1_19' title='bbox 1463 373 1498 429; x_wconf 89' lang='lat' dir='ltr'>et</span> <span class='ocrx_word' id='word_1_20' title='bbox 1517 362 1584 427; x_wconf 85' lang='lat' dir='ltr'>lroc</span> <span class='ocrx_word' id='word_1_21' title='bbox 1606 382 1721 430; x_wconf 84' lang='lat' dir='ltr'>verum</span> <span class='ocrx_word' id='word_1_22' title='bbox 1742 374 1806 445; x_wconf 82' lang='lat' dir='ltr'>est,</span> <span class='ocrx_word' id='word_1_23' title='bbox 1815 364 1893 431; x_wconf 83' lang='lat' dir='ltr'>Nou</span> <span class='ocrx_word' id='word_1_24' title='bbox 1913 377 2028 453; x_wconf 82' lang='lat' dir='ltr'>potest</span> <span class='ocrx_word' id='word_1_25' title='bbox 2047 366 2167 434; x_wconf 83' lang='lat' dir='ltr'>buma-</span> <span class='ocrx_word' id='word_1_26' title='bbox 2199 359 2202 363; x_wconf 74' lang='grc'><strong>’</strong></span> <span class='ocrx_word' id='word_1_27' title='bbox 2283 392 2286 397; x_wconf 95' lang='grc'><strong><em>·</em></strong></span> 
     </span>
    </p>
   </div>
   <div class='ocr_carea' id='block_1_3' title="bbox 94 446 2168 2434">
    <p class='ocr_par' dir='ltr' id='par_1_3' title="bbox 94 446 2168 2434">
     <span class='ocr_line' id='line_1_3' title="bbox 146 446 2166 539; baseline 0.001 -20"><span class='ocrx_word' id='word_1_28' title='bbox 146 451 336 539; x_wconf 83' lang='lat' dir='ltr'>parricidia,</span> <span class='ocrx_word' id='word_1_29' title='bbox 358 448 553 528; x_wconf 82' lang='lat' dir='ltr'>seditiones,</span> <span class='ocrx_word' id='word_1_30' title='bbox 574 446 707 514; x_wconf 83' lang='lat' dir='ltr'>furores</span> <span class='ocrx_word' id='word_1_31' title='bbox 741 460 912 515; x_wconf 83' lang='lat' dir='ltr'>moventes</span> <span class='ocrx_word' id='word_1_32' title='bbox 937 448 1028 514; x_wconf 88' lang='lat' dir='ltr'>bella</span> <span class='ocrx_word' id='word_1_33' title='bbox 1048 453 1130 516; x_wconf 90' lang='lat' dir='ltr'>iniu-</span> <span class='ocrx_word' id='word_1_34' title='bbox 1181 468 1227 512; x_wconf 86' lang='lat' dir='ltr'>na</span> <span class='ocrx_word' id='word_1_35' title='bbox 1248 446 1405 514; x_wconf 86' lang='lat' dir='ltr'>voluntas</span> <span class='ocrx_word' id='word_1_36' title='bbox 1428 449 1567 515; x_wconf 88' lang='lat' dir='ltr'>credere</span> <span class='ocrx_word' id='word_1_37' title='bbox 1588 451 1631 515; x_wconf 90' lang='lat' dir='ltr'>de</span> <span class='ocrx_word' id='word_1_38' title='bbox 1651 453 1874 534; x_wconf 70' lang='lat' dir='ltr'>promissione</span> <span class='ocrx_word' id='word_1_39' title='bbox 1895 452 2027 533; x_wconf 85' lang='lat' dir='ltr'>divina,</span> <span class='ocrx_word' id='word_1_40' title='bbox 2061 456 2166 521; x_wconf 85' lang='lat' dir='ltr'>at‘ia·</span> 
     </span>
     <span class='ocr_line' id='line_1_4' title="bbox 148 533 2167 623; baseline 0.003 -23"><span class='ocrx_word' id='word_1_41' title='bbox 148 546 202 603; x_wconf 83' lang='lat' dir='ltr'>sta</span> <span class='ocrx_word' id='word_1_42' title='bbox 223 548 256 603; x_wconf 91' lang='lat' dir='ltr'>et</span> <span class='ocrx_word' id='word_1_43' title='bbox 278 537 413 616; x_wconf 89' lang='lat' dir='ltr'>caedes,</span> <span class='ocrx_word' id='word_1_44' title='bbox 435 533 676 623; x_wconf 81' lang='lat' dir='ltr'>blasphemiae,</span> <span class='ocrx_word' id='word_1_45' title='bbox 709 534 877 601; x_wconf 85' lang='lat' dir='ltr'>idolorum</span> <span class='ocrx_word' id='word_1_46' title='bbox 911 534 1063 603; x_wconf 83' lang='lat' dir='ltr'>defensio</span> <span class='ocrx_word' id='word_1_47' title='bbox 1096 547 1130 601; x_wconf 86' lang='lat' dir='ltr'>at</span> <span class='ocrx_word' id='word_1_48' title='bbox 1183 533 1308 602; x_wconf 87' lang='lat' dir='ltr'>cboare</span> <span class='ocrx_word' id='word_1_49' title='bbox 1338 536 1529 600; x_wconf 87' lang='lat' dir='ltr'>interiorem</span> <span class='ocrx_word' id='word_1_50' title='bbox 1562 537 1801 618; x_wconf 69' lang='lat' dir='ltr'>obedientiam·</span> <span class='ocrx_word' id='word_1_51' title='bbox 1825 539 1890 603; x_wconf 91' lang='lat' dir='ltr'>nisi</span> <span class='ocrx_word' id='word_1_52' title='bbox 1921 537 1997 604; x_wconf 89' lang='lat' dir='ltr'>luce</span> <span class='ocrx_word' id='word_1_53' title='bbox 2018 560 2167 607; x_wconf 86' lang='lat' dir='ltr'>accensa</span> 
     </span>
     <span class='ocr_line' id='line_1_5' title="bbox 145 618 2165 711; baseline 0.002 -22"><span class='ocrx_word' id='word_1_54' title='bbox 145 621 214 690; x_wconf 88' lang='lat' dir='ltr'>alia</span> <span class='ocrx_word' id='word_1_55' title='bbox 235 620 349 689; x_wconf 83' lang='lat' dir='ltr'>multa.</span> <span class='ocrx_word' id='word_1_56' title='bbox 1180 640 1243 707; x_wconf 90' lang='lat' dir='ltr'>per</span> <span class='ocrx_word' id='word_1_57' title='bbox 1262 618 1481 707; x_wconf 80' lang='lat' dir='ltr'>Evangelium</span> <span class='ocrx_word' id='word_1_58' title='bbox 1502 641 1523 686; x_wconf 88' lang='lat' dir='ltr'>a</span> <span class='ocrx_word' id='word_1_59' title='bbox 1544 618 1627 688; x_wconf 78' lang='lat' dir='ltr'>lilio</span> <span class='ocrx_word' id='word_1_60' title='bbox 1639 621 1705 688; x_wconf 85' lang='lat' dir='ltr'>Dei</span> <span class='ocrx_word' id='word_1_61' title='bbox 1726 635 1760 688; x_wconf 91' lang='lat' dir='ltr'>et</span> <span class='ocrx_word' id='word_1_62' title='bbox 1776 623 1882 690; x_wconf 80' lang='lat' dir='ltr'>effuso</span> <span class='ocrx_word' id='word_1_63' title='bbox 1900 627 2022 711; x_wconf 77' lang='lat' dir='ltr'>Spiritu</span> <span class='ocrx_word' id='word_1_64' title='bbox 2043 639 2165 693; x_wconf 89' lang='lat' dir='ltr'>sancto</span> 
     </span>
     <span class='ocr_line' id='line_1_6' title="bbox 1054 708 2165 794; baseline 0.01 -26"><span class='ocrx_word' id='word_1_65' title='bbox 1054 717 1063 733; x_wconf 82' lang='lat'>&#39;</span> <span class='ocrx_word' id='word_1_66' title='bbox 1181 708 1214 770; x_wconf 92' lang='lat' dir='ltr'>in</span> <span class='ocrx_word' id='word_1_67' title='bbox 1239 708 1343 773; x_wconf 88' lang='lat' dir='ltr'>corda</span> <span class='ocrx_word' id='word_1_68' title='bbox 1365 726 1498 787; x_wconf 88' lang='lat' dir='ltr'>eorum,</span> <span class='ocrx_word' id='word_1_69' title='bbox 1526 709 1583 794; x_wconf 86' lang='lat' dir='ltr'>qui</span> <span class='ocrx_word' id='word_1_70' title='bbox 1604 722 1855 776; x_wconf 84' lang='lat' dir='ltr'>convertantur.</span> <span class='ocrx_word' id='word_1_71' title='bbox 1899 709 1979 777; x_wconf 92' lang='lat' dir='ltr'>ldeo</span> <span class='ocrx_word' id='word_1_72' title='bbox 2003 710 2095 778; x_wconf 79' lang='lat' dir='ltr'>clare</span> <span class='ocrx_word' id='word_1_73' title='bbox 2115 715 2165 779; x_wconf 95' lang='lat' dir='ltr'>di·</span> 
     </span>
     <span class='ocr_line' id='line_1_7' title="bbox 234 790 2167 883; baseline 0.002 -22"><span class='ocrx_word' id='word_1_74' title='bbox 234 794 330 861; x_wconf 88' lang='lat' dir='ltr'>llanc</span> <span class='ocrx_word' id='word_1_75' title='bbox 363 806 487 859; x_wconf 87' lang='lat' dir='ltr'>tantam</span> <span class='ocrx_word' id='word_1_76' title='bbox 519 794 686 860; x_wconf 84' lang='lat' dir='ltr'>miseriam</span> <span class='ocrx_word' id='word_1_77' title='bbox 708 796 841 881; x_wconf 88' lang='lat' dir='ltr'>generis</span> <span class='ocrx_word' id='word_1_78' title='bbox 861 794 997 861; x_wconf 86' lang='lat' dir='ltr'>humani</span> <span class='ocrx_word' id='word_1_79' title='bbox 1019 796 1129 860; x_wconf 86' lang='lat' dir='ltr'>consi·</span> <span class='ocrx_word' id='word_1_80' title='bbox 1182 793 1268 857; x_wconf 88' lang='lat' dir='ltr'>citur</span> <span class='ocrx_word' id='word_1_81' title='bbox 1290 790 1386 859; x_wconf 80' lang='lat' dir='ltr'>Rom·</span> <span class='ocrx_word' id='word_1_82' title='bbox 1414 794 1447 860; x_wconf 83' lang='lat'>8.</span> <span class='ocrx_word' id='word_1_83' title='bbox 1490 793 1556 868; x_wconf 86' lang='lat' dir='ltr'>Qui</span> <span class='ocrx_word' id='word_1_84' title='bbox 1583 795 1750 861; x_wconf 90' lang='lat' dir='ltr'>ducuntur</span> <span class='ocrx_word' id='word_1_85' title='bbox 1770 796 1894 883; x_wconf 78' lang='lat' dir='ltr'>Spiritu</span> <span class='ocrx_word' id='word_1_86' title='bbox 1915 797 1998 879; x_wconf 87' lang='lat' dir='ltr'>Dei,</span> <span class='ocrx_word' id='word_1_87' title='bbox 2030 798 2065 865; x_wconf 92' lang='lat' dir='ltr'>bi</span> <span class='ocrx_word' id='word_1_88' title='bbox 2086 810 2167 865; x_wconf 86' lang='lat' dir='ltr'>suut</span> 
     </span>
     <span class='ocr_line' id='line_1_8' title="bbox 148 875 2167 969; baseline 0.001 -20"><span class='ocrx_word' id='word_1_89' title='bbox 148 882 321 961; x_wconf 81' lang='lat' dir='ltr'>daremus,</span> <span class='ocrx_word' id='word_1_90' title='bbox 351 892 385 945; x_wconf 90' lang='lat' dir='ltr'>et</span> <span class='ocrx_word' id='word_1_91' title='bbox 406 881 447 946; x_wconf 88' lang='lat' dir='ltr'>de</span> <span class='ocrx_word' id='word_1_92' title='bbox 469 880 581 947; x_wconf 86' lang='lat' dir='ltr'>causis</span> <span class='ocrx_word' id='word_1_93' title='bbox 602 881 789 967; x_wconf 76' lang='lat' dir='ltr'>cogitemus</span> <span class='ocrx_word' id='word_1_94' title='bbox 811 879 988 967; x_wconf 81' lang='lat' dir='ltr'>patefactis</span> <span class='ocrx_word' id='word_1_95' title='bbox 1010 882 1044 945; x_wconf 92' lang='lat' dir='ltr'>in</span> <span class='ocrx_word' id='word_1_96' title='bbox 1065 879 1129 944; x_wconf 85' lang='lat' dir='ltr'>Ec·</span> <span class='ocrx_word' id='word_1_97' title='bbox 1181 875 1239 943; x_wconf 88' lang='lat' dir='ltr'>lilii</span> <span class='ocrx_word' id='word_1_98' title='bbox 1262 877 1333 946; x_wconf 88' lang='lat' dir='ltr'>Dei.</span> <span class='ocrx_word' id='word_1_99' title='bbox 1378 878 1472 960; x_wconf 88' lang='lat' dir='ltr'>ltem,</span> <span class='ocrx_word' id='word_1_100' title='bbox 1493 879 1532 946; x_wconf 87' lang='lat' dir='ltr'>Si</span> <span class='ocrx_word' id='word_1_101' title='bbox 1550 883 1624 969; x_wconf 85' lang='lat' dir='ltr'>quis</span> <span class='ocrx_word' id='word_1_102' title='bbox 1646 880 1805 967; x_wconf 86' lang='lat' dir='ltr'>Spiritum</span> <span class='ocrx_word' id='word_1_103' title='bbox 1815 881 1940 948; x_wconf 80' lang='lat' dir='ltr'>Christi</span> <span class='ocrx_word' id='word_1_104' title='bbox 1962 904 2029 949; x_wconf 92' lang='lat' dir='ltr'>non</span> <span class='ocrx_word' id='word_1_105' title='bbox 2051 886 2167 967; x_wconf 85' lang='lat' dir='ltr'>babet,</span> 
     </span>
     <span class='ocr_line' id='line_1_9' title="bbox 94 964 2167 1057; baseline 0.001 -21"><span class='ocrx_word' id='word_1_106' title='bbox 94 984 105 995; x_wconf 83' lang='lat'><em>&#39;</em></span> <span class='ocrx_word' id='word_1_107' title='bbox 148 967 266 1046; x_wconf 80' lang='lat' dir='ltr'>alesia,</span> <span class='ocrx_word' id='word_1_108' title='bbox 289 977 322 1032; x_wconf 90' lang='lat' dir='ltr'>et</span> <span class='ocrx_word' id='word_1_109' title='bbox 343 967 488 1032; x_wconf 88' lang='lat' dir='ltr'>remedia</span> <span class='ocrx_word' id='word_1_110' title='bbox 510 986 720 1053; x_wconf 80' lang='lat' dir='ltr'>quaeramus.</span> <span class='ocrx_word' id='word_1_111' title='bbox 765 964 919 1031; x_wconf 87' lang='lat' dir='ltr'>Sciamus</span> <span class='ocrx_word' id='word_1_112' title='bbox 936 965 1054 1031; x_wconf 86' lang='lat' dir='ltr'>Filium</span> <span class='ocrx_word' id='word_1_113' title='bbox 1066 965 1129 1032; x_wconf 87' lang='lat' dir='ltr'>Dei</span> <span class='ocrx_word' id='word_1_114' title='bbox 1181 965 1301 1030; x_wconf 79' lang='lat' dir='ltr'>isntm</span> <span class='ocrx_word' id='word_1_115' title='bbox 1324 975 1377 1031; x_wconf 89' lang='lat' dir='ltr'>est</span> <span class='ocrx_word' id='word_1_116' title='bbox 1397 964 1532 1032; x_wconf 80' lang='lat' dir='ltr'>Christi.</span> <span class='ocrx_word' id='word_1_117' title='bbox 1577 967 1691 1032; x_wconf 89' lang='lat' dir='ltr'>loban.</span> <span class='ocrx_word' id='word_1_118' title='bbox 1714 967 1748 1034; x_wconf 88' lang='lat' dir='ltr'>ii.</span> <span class='ocrx_word' id='word_1_119' title='bbox 1784 969 1891 1034; x_wconf 91' lang='lat' dir='ltr'>Nemo</span> <span class='ocrx_word' id='word_1_120' title='bbox 1913 982 2028 1057; x_wconf 85' lang='lat' dir='ltr'>potest</span> <span class='ocrx_word' id='word_1_121' title='bbox 2047 975 2167 1038; x_wconf 76' lang='lat' dir='ltr'>venire</span> 
     </span>
     <span class='ocr_line' id='line_1_10' title="bbox 147 1049 2168 1136; baseline 0.001 -15"><span class='ocrx_word' id='word_1_122' title='bbox 147 1050 283 1121; x_wconf 84' lang='lat' dir='ltr'>missum</span> <span class='ocrx_word' id='word_1_123' title='bbox 306 1073 395 1132; x_wconf 86' lang='lat' dir='ltr'>esse,</span> <span class='ocrx_word' id='word_1_124' title='bbox 416 1065 454 1119; x_wconf 93' lang='lat' dir='ltr'>ut</span> <span class='ocrx_word' id='word_1_125' title='bbox 476 1054 626 1118; x_wconf 89' lang='lat' dir='ltr'>destruat</span> <span class='ocrx_word' id='word_1_126' title='bbox 648 1074 751 1136; x_wconf 91' lang='lat' dir='ltr'>opera</span> <span class='ocrx_word' id='word_1_127' title='bbox 765 1049 900 1118; x_wconf 83' lang='lat' dir='ltr'>Diaboli</span> <span class='ocrx_word' id='word_1_128' title='bbox 924 1065 957 1118; x_wconf 91' lang='lat' dir='ltr'>et</span> <span class='ocrx_word' id='word_1_129' title='bbox 979 1065 1130 1118; x_wconf 83' lang='lat' dir='ltr'>conterat</span> <span class='ocrx_word' id='word_1_130' title='bbox 1183 1051 1226 1115; x_wconf 93' lang='lat' dir='ltr'>ad</span> <span class='ocrx_word' id='word_1_131' title='bbox 1248 1072 1312 1130; x_wconf 90' lang='lat' dir='ltr'>me,</span> <span class='ocrx_word' id='word_1_132' title='bbox 1336 1054 1400 1117; x_wconf 85' lang='lat' dir='ltr'>nisi</span> <span class='ocrx_word' id='word_1_133' title='bbox 1418 1050 1521 1118; x_wconf 87' lang='lat' dir='ltr'>Pater</span> <span class='ocrx_word' id='word_1_134' title='bbox 1543 1054 1680 1119; x_wconf 82' lang='lat' dir='ltr'>traxerit</span> <span class='ocrx_word' id='word_1_135' title='bbox 1703 1074 1789 1119; x_wconf 83' lang='lat' dir='ltr'>eum.</span> <span class='ocrx_word' id='word_1_136' title='bbox 1834 1054 1927 1136; x_wconf 90' lang='lat' dir='ltr'>ltem,</span> <span class='ocrx_word' id='word_1_137' title='bbox 1949 1057 2030 1123; x_wconf 85' lang='lat' dir='ltr'>Sine</span> <span class='ocrx_word' id='word_1_138' title='bbox 2049 1058 2168 1124; x_wconf 90' lang='lat' dir='ltr'>meni·</span> 
     </span>
     <span class='ocr_line' id='line_1_11' title="bbox 147 1133 2166 1226; baseline 0.001 -19"><span class='ocrx_word' id='word_1_139' title='bbox 147 1152 248 1226; x_wconf 82' lang='lat' dir='ltr'>eaput</span> <span class='ocrx_word' id='word_1_140' title='bbox 269 1140 445 1225; x_wconf 83' lang='lat' dir='ltr'>serpentis,</span> <span class='ocrx_word' id='word_1_141' title='bbox 467 1140 697 1205; x_wconf 74' lang='lat' dir='ltr'>discernamus</span> <span class='ocrx_word' id='word_1_142' title='bbox 719 1137 987 1226; x_wconf 85' lang='lat' dir='ltr'>Philosopbicam</span> <span class='ocrx_word' id='word_1_143' title='bbox 1007 1140 1129 1205; x_wconf 87' lang='lat' dir='ltr'>doctri·</span> <span class='ocrx_word' id='word_1_144' title='bbox 1181 1133 1228 1201; x_wconf 92' lang='lat' dir='ltr'>hil</span> <span class='ocrx_word' id='word_1_145' title='bbox 1248 1140 1389 1223; x_wconf 88' lang='lat' dir='ltr'>potestis</span> <span class='ocrx_word' id='word_1_146' title='bbox 1407 1137 1532 1204; x_wconf 85' lang='lat' dir='ltr'>facere.</span> <span class='ocrx_word' id='word_1_147' title='bbox 1576 1138 1668 1220; x_wconf 88' lang='lat' dir='ltr'>ltem,</span> <span class='ocrx_word' id='word_1_148' title='bbox 1701 1139 1807 1206; x_wconf 89' lang='lat' dir='ltr'>Nemo</span> <span class='ocrx_word' id='word_1_149' title='bbox 1829 1144 1923 1207; x_wconf 89' lang='lat' dir='ltr'>novit</span> <span class='ocrx_word' id='word_1_150' title='bbox 1944 1144 2077 1210; x_wconf 90' lang='lat' dir='ltr'>Patrem</span> <span class='ocrx_word' id='word_1_151' title='bbox 2099 1147 2166 1210; x_wconf 85' lang='lat' dir='ltr'>nisi</span> 
     </span>
     <span class='ocr_line' id='line_1_12' title="bbox 146 1221 2168 1312; baseline 0.001 -19"><span class='ocrx_word' id='word_1_152' title='bbox 146 1246 223 1293; x_wconf 87' lang='lat' dir='ltr'>uam</span> <span class='ocrx_word' id='word_1_153' title='bbox 246 1224 520 1312; x_wconf 83' lang='lat' dir='ltr'>abEvangclica,</span> <span class='ocrx_word' id='word_1_154' title='bbox 541 1225 655 1304; x_wconf 87' lang='lat' dir='ltr'>idest,</span> <span class='ocrx_word' id='word_1_155' title='bbox 678 1227 823 1291; x_wconf 87' lang='lat' dir='ltr'>sciamus</span> <span class='ocrx_word' id='word_1_156' title='bbox 842 1246 955 1291; x_wconf 88' lang='lat' dir='ltr'>veram</span> <span class='ocrx_word' id='word_1_157' title='bbox 976 1228 1129 1292; x_wconf 84' lang='lat' dir='ltr'>virtutem</span> <span class='ocrx_word' id='word_1_158' title='bbox 1180 1221 1302 1303; x_wconf 85' lang='lat' dir='ltr'>Filius,</span> <span class='ocrx_word' id='word_1_159' title='bbox 1333 1236 1368 1289; x_wconf 86' lang='lat' dir='ltr'>et</span> <span class='ocrx_word' id='word_1_160' title='bbox 1385 1227 1438 1291; x_wconf 91' lang='lat' dir='ltr'>cui</span> <span class='ocrx_word' id='word_1_161' title='bbox 1461 1223 1555 1290; x_wconf 88' lang='lat' dir='ltr'>volet</span> <span class='ocrx_word' id='word_1_162' title='bbox 1575 1222 1679 1291; x_wconf 80' lang='lat' dir='ltr'>lilius</span> <span class='ocrx_word' id='word_1_163' title='bbox 1700 1224 1862 1293; x_wconf 88' lang='lat' dir='ltr'>revelare.</span> <span class='ocrx_word' id='word_1_164' title='bbox 1907 1229 2089 1296; x_wconf 84' lang='lat' dir='ltr'>Sciendum</span> <span class='ocrx_word' id='word_1_165' title='bbox 2111 1241 2168 1296; x_wconf 89' lang='lat' dir='ltr'>est</span> 
     </span>
     <span class='ocr_line' id='line_1_13' title="bbox 147 1308 2168 1463; baseline 0 -82"><span class='ocrx_word' id='word_1_166' title='bbox 147 1332 227 1381; x_wconf 77' lang='lat' dir='ltr'>esse</span> <span class='ocrx_word' id='word_1_167' title='bbox 259 1310 370 1379; x_wconf 88' lang='lat' dir='ltr'>lucem</span> <span class='ocrx_word' id='word_1_168' title='bbox 402 1331 583 1378; x_wconf 88' lang='lat' dir='ltr'>accensam</span> <span class='ocrx_word' id='word_1_169' title='bbox 604 1332 665 1414; x_wconf 90' lang='lat' dir='ltr'>per</span> <span class='ocrx_word' id='word_1_170' title='bbox 686 1310 802 1377; x_wconf 84' lang='lat' dir='ltr'>Filium</span> <span class='ocrx_word' id='word_1_171' title='bbox 824 1309 889 1377; x_wconf 88' lang='lat' dir='ltr'>Dei</span> <span class='ocrx_word' id='word_1_172' title='bbox 910 1333 996 1379; x_wconf 88' lang='lat' dir='ltr'>voce</span> <span class='ocrx_word' id='word_1_173' title='bbox 1018 1311 1128 1377; x_wconf 85' lang='lat' dir='ltr'>Evan·</span> <span class='ocrx_word' id='word_1_174' title='bbox 1179 1321 1289 1376; x_wconf 91' lang='lat' dir='ltr'>autem</span> <span class='ocrx_word' id='word_1_175' title='bbox 1311 1308 1429 1376; x_wconf 84' lang='lat' dir='ltr'>Filium</span> <span class='ocrx_word' id='word_1_176' title='bbox 1452 1310 1527 1391; x_wconf 87' lang='lat' dir='ltr'>Dei,</span> <span class='ocrx_word' id='word_1_177' title='bbox 1560 1313 1617 1463; x_wconf 65' lang='lat' dir='ltr'>‹pui</span> <span class='ocrx_word' id='word_1_178' title='bbox 1650 1322 1704 1379; x_wconf 82' lang='lat' dir='ltr'>cst</span> <span class='ocrx_word' id='word_1_179' title='bbox 1735 1324 1836 1399; x_wconf 91' lang='lat' dir='ltr'>caput</span> <span class='ocrx_word' id='word_1_180' title='bbox 1855 1311 2032 1381; x_wconf 85' lang='lat' dir='ltr'>Ecclesiae</span> <span class='ocrx_word' id='word_1_181' title='bbox 2110 1317 2168 1381; x_wconf 86' lang='lat' dir='ltr'>rii·</span> 
     </span>
     <span class='ocr_line' id='line_1_14' title="bbox 148 1396 2167 1489; baseline 0.002 -25"><span class='ocrx_word' id='word_1_182' title='bbox 148 1396 239 1489; x_wconf 83' lang='lat' dir='ltr'>gelli,</span> <span class='ocrx_word' id='word_1_183' title='bbox 263 1421 329 1486; x_wconf 91' lang='lat' dir='ltr'>qua</span> <span class='ocrx_word' id='word_1_184' title='bbox 352 1419 467 1464; x_wconf 78' lang='lat' dir='ltr'>verum</span> <span class='ocrx_word' id='word_1_185' title='bbox 479 1396 589 1463; x_wconf 86' lang='lat' dir='ltr'>Deum</span> <span class='ocrx_word' id='word_1_186' title='bbox 610 1410 783 1478; x_wconf 79' lang='lat' dir='ltr'>intuemur,</span> <span class='ocrx_word' id='word_1_187' title='bbox 807 1410 840 1463; x_wconf 89' lang='lat' dir='ltr'>et</span> <span class='ocrx_word' id='word_1_188' title='bbox 862 1410 971 1464; x_wconf 85' lang='lat' dir='ltr'>motus</span> <span class='ocrx_word' id='word_1_189' title='bbox 984 1398 1129 1485; x_wconf 88' lang='lat' dir='ltr'>Spiritus</span> <span class='ocrx_word' id='word_1_190' title='bbox 1181 1397 1273 1462; x_wconf 90' lang='lat' dir='ltr'>ciens</span> <span class='ocrx_word' id='word_1_191' title='bbox 1295 1398 1405 1461; x_wconf 90' lang='lat' dir='ltr'>omnia</span> <span class='ocrx_word' id='word_1_192' title='bbox 1421 1398 1454 1461; x_wconf 94' lang='lat' dir='ltr'>in</span> <span class='ocrx_word' id='word_1_193' title='bbox 1478 1399 1567 1464; x_wconf 88' lang='lat' dir='ltr'>omui</span> <span class='ocrx_word' id='word_1_194' title='bbox 1591 1417 1632 1462; x_wconf 89' lang='lat' dir='ltr'>us</span> <span class='ocrx_word' id='word_1_195' title='bbox 1653 1398 1826 1465; x_wconf 86' lang='lat' dir='ltr'>efficacem</span> <span class='ocrx_word' id='word_1_196' title='bbox 1848 1419 1927 1465; x_wconf 87' lang='lat' dir='ltr'>esse</span> <span class='ocrx_word' id='word_1_197' title='bbox 1947 1422 2035 1468; x_wconf 85' lang='lat' dir='ltr'>voce</span> <span class='ocrx_word' id='word_1_198' title='bbox 2082 1424 2167 1469; x_wconf 85' lang='lat' dir='ltr'>van·</span> 
     </span>
     <span class='ocr_line' id='line_1_15' title="bbox 147 1482 2167 1632; baseline 0.002 -83"><span class='ocrx_word' id='word_1_199' title='bbox 147 1487 257 1552; x_wconf 83' lang='lat' dir='ltr'>sancti</span> <span class='ocrx_word' id='word_1_200' title='bbox 278 1487 312 1550; x_wconf 92' lang='lat' dir='ltr'>in</span> <span class='ocrx_word' id='word_1_201' title='bbox 334 1484 449 1564; x_wconf 88' lang='lat' dir='ltr'>eorde,</span> <span class='ocrx_word' id='word_1_202' title='bbox 471 1485 558 1549; x_wconf 89' lang='lat' dir='ltr'>sicut</span> <span class='ocrx_word' id='word_1_203' title='bbox 579 1484 612 1549; x_wconf 75' lang='lat'>2.</span> <span class='ocrx_word' id='word_1_204' title='bbox 635 1482 713 1549; x_wconf 80' lang='lat' dir='ltr'>(lor.</span> <span class='ocrx_word' id='word_1_205' title='bbox 736 1482 767 1549; x_wconf 88' lang='lat'>3.</span> <span class='ocrx_word' id='word_1_206' title='bbox 791 1486 929 1550; x_wconf 86' lang='lat' dir='ltr'>dicitur:</span> <span class='ocrx_word' id='word_1_207' title='bbox 951 1482 1128 1550; x_wconf 83' lang='lat' dir='ltr'>Transfer·</span> <span class='ocrx_word' id='word_1_208' title='bbox 1179 1482 1270 1632; x_wconf 73' lang='lat' dir='ltr'>gelli,</span> <span class='ocrx_word' id='word_1_209' title='bbox 1292 1494 1326 1548; x_wconf 92' lang='lat' dir='ltr'>et</span> <span class='ocrx_word' id='word_1_210' title='bbox 1346 1483 1428 1549; x_wconf 88' lang='lat' dir='ltr'>dare</span> <span class='ocrx_word' id='word_1_211' title='bbox 1449 1482 1608 1569; x_wconf 86' lang='lat' dir='ltr'>Spiritum</span> <span class='ocrx_word' id='word_1_212' title='bbox 1630 1497 1782 1551; x_wconf 89' lang='lat' dir='ltr'>sanctum</span> <span class='ocrx_word' id='word_1_213' title='bbox 1805 1506 1880 1551; x_wconf 89' lang='lat' dir='ltr'>cum</span> <span class='ocrx_word' id='word_1_214' title='bbox 1902 1508 1987 1553; x_wconf 84' lang='lat' dir='ltr'>voce</span> <span class='ocrx_word' id='word_1_215' title='bbox 2009 1487 2081 1555; x_wconf 82' lang='lat' dir='ltr'>Era</span> <span class='ocrx_word' id='word_1_216' title='bbox 2129 1510 2167 1553; x_wconf 87' lang='lat' dir='ltr'>e·</span> 
     </span>
     <span class='ocr_line' id='line_1_16' title="bbox 147 1568 2168 1658; baseline 0.001 -20"><span class='ocrx_word' id='word_1_217' title='bbox 147 1592 287 1652; x_wconf 89' lang='lat' dir='ltr'>mamur,</span> <span class='ocrx_word' id='word_1_218' title='bbox 320 1582 357 1637; x_wconf 89' lang='lat' dir='ltr'>ut</span> <span class='ocrx_word' id='word_1_219' title='bbox 384 1568 566 1637; x_wconf 84' lang='lat' dir='ltr'>efficiamur</span> <span class='ocrx_word' id='word_1_220' title='bbox 594 1572 705 1658; x_wconf 84' lang='lat' dir='ltr'>imago</span> <span class='ocrx_word' id='word_1_221' title='bbox 738 1570 810 1636; x_wconf 86' lang='lat' dir='ltr'>Filii</span> <span class='ocrx_word' id='word_1_222' title='bbox 843 1568 908 1637; x_wconf 87' lang='lat' dir='ltr'>Dei</span> <span class='ocrx_word' id='word_1_223' title='bbox 941 1592 962 1636; x_wconf 88' lang='lat' dir='ltr'>a</span> <span class='ocrx_word' id='word_1_224' title='bbox 995 1571 1127 1636; x_wconf 83' lang='lat' dir='ltr'>Domini</span> <span class='ocrx_word' id='word_1_225' title='bbox 1193 1570 1202 1633; x_wconf 93' lang='lat' dir='ltr'>i</span> <span class='ocrx_word' id='word_1_226' title='bbox 1236 1581 1472 1648; x_wconf 84' lang='lat' dir='ltr'>sustentamur,</span> <span class='ocrx_word' id='word_1_227' title='bbox 1493 1580 1529 1635; x_wconf 91' lang='lat' dir='ltr'>ut</span> <span class='ocrx_word' id='word_1_228' title='bbox 1552 1568 1738 1636; x_wconf 89' lang='lat' dir='ltr'>clarissime</span> <span class='ocrx_word' id='word_1_229' title='bbox 1762 1573 1882 1639; x_wconf 90' lang='lat' dir='ltr'>dicitur</span> <span class='ocrx_word' id='word_1_230' title='bbox 1904 1572 2017 1638; x_wconf 83' lang='lat' dir='ltr'>tialat.</span> <span class='ocrx_word' id='word_1_231' title='bbox 2041 1574 2072 1639; x_wconf 86' lang='lat'>3.</span> <span class='ocrx_word' id='word_1_232' title='bbox 2152 1586 2168 1640; x_wconf 93' lang='lat' dir='ltr'>t</span> 
     </span>
     <span class='ocr_line' id='line_1_17' title="bbox 147 1654 2164 1808; baseline 0.001 -84"><span class='ocrx_word' id='word_1_233' title='bbox 147 1658 284 1745; x_wconf 80' lang='lat' dir='ltr'>Spiritu,</span> <span class='ocrx_word' id='word_1_234' title='bbox 308 1658 340 1723; x_wconf 95' lang='lat' dir='ltr'>id</span> <span class='ocrx_word' id='word_1_235' title='bbox 364 1669 427 1737; x_wconf 89' lang='lat' dir='ltr'>est,</span> <span class='ocrx_word' id='word_1_236' title='bbox 448 1654 539 1723; x_wconf 90' lang='lat' dir='ltr'>lucet</span> <span class='ocrx_word' id='word_1_237' title='bbox 559 1658 697 1723; x_wconf 91' lang='lat' dir='ltr'>verbum</span> <span class='ocrx_word' id='word_1_238' title='bbox 719 1659 753 1722; x_wconf 93' lang='lat' dir='ltr'>in</span> <span class='ocrx_word' id='word_1_239' title='bbox 775 1668 902 1767; x_wconf 64' lang='lat' dir='ltr'>mente,</span> <span class='ocrx_word' id='word_1_240' title='bbox 937 1669 971 1722; x_wconf 88' lang='lat' dir='ltr'>et</span> <span class='ocrx_word' id='word_1_241' title='bbox 992 1656 1040 1723; x_wconf 93' lang='lat' dir='ltr'>illi</span> <span class='ocrx_word' id='word_1_242' title='bbox 1061 1655 1128 1722; x_wconf 90' lang='lat' dir='ltr'>luci</span> <span class='ocrx_word' id='word_1_243' title='bbox 1179 1655 1433 1805; x_wconf 72' lang='lat' dir='ltr'>promissionem</span> <span class='ocrx_word' id='word_1_244' title='bbox 1456 1655 1600 1740; x_wconf 90' lang='lat' dir='ltr'>Spiritus</span> <span class='ocrx_word' id='word_1_245' title='bbox 1610 1659 1825 1763; x_wconf 34' lang='lat' dir='ltr'>‘accipiamus</span> <span class='ocrx_word' id='word_1_246' title='bbox 1848 1658 2042 1808; x_wconf 71' lang='lat' dir='ltr'>pail-idern.</span> <span class='ocrx_word' id='word_1_247' title='bbox 2057 1660 2164 1767; x_wconf 69' lang='lat' dir='ltr'>item,</span> 
     </span>
     <span class='ocr_line' id='line_1_18' title="bbox 147 1740 2167 1916; baseline 0.001 -19"><span class='ocrx_word' id='word_1_248' title='bbox 147 1757 372 1897; x_wconf 57' lang='lat' dir='ltr'>{tinniit</span> <span class='ocrx_word' id='word_1_249' title='bbox 387 1744 1128 1916; x_wconf 57' lang='lat' dir='ltr'>stili³tltdt¹3²¹tistsststl¹stt¹23</span> <span class='ocrx_word' id='word_1_250' title='bbox 1180 1740 1853 1913; x_wconf 49' lang='lat' dir='ltr'>rzililsszzitttxttltsld</span> <span class='ocrx_word' id='word_1_251' title='bbox 1868 1756 2167 1901; x_wconf 50' lang='lat' dir='ltr'>{istricis</span> 
     </span>
     <span class='ocr_line' id='line_1_19' title="bbox 147 1912 2168 2003; baseline 0.001 -20"><span class='ocrx_word' id='word_1_252' title='bbox 147 1917 658 2003; x_wconf 85' lang='lat' dir='ltr'>sicutsaepissimcpraecipitur:</span> <span class='ocrx_word' id='word_1_253' title='bbox 671 1915 1128 2001; x_wconf 85' lang='lat' dir='ltr'>Petiteetaccipietis.Quan·</span> <span class='ocrx_word' id='word_1_254' title='bbox 1180 1935 1255 1980; x_wconf 89' lang='lat' dir='ltr'>nem</span> <span class='ocrx_word' id='word_1_255' title='bbox 1276 1917 1472 2000; x_wconf 88' lang='lat' dir='ltr'>repetimus:</span> <span class='ocrx_word' id='word_1_256' title='bbox 1496 1912 1690 2002; x_wconf 86' lang='lat' dir='ltr'>Cogitantes</span> <span class='ocrx_word' id='word_1_257' title='bbox 1712 1917 1754 1982; x_wconf 92' lang='lat' dir='ltr'>de</span> <span class='ocrx_word' id='word_1_258' title='bbox 1775 1914 1851 1982; x_wconf 87' lang='lat' dir='ltr'>Deo</span> <span class='ocrx_word' id='word_1_259' title='bbox 1874 1938 1894 1982; x_wconf 95' lang='lat' dir='ltr'>a</span> <span class='ocrx_word' id='word_1_260' title='bbox 1914 1916 2082 2003; x_wconf 86' lang='lat' dir='ltr'>patefacta</span> <span class='ocrx_word' id='word_1_261' title='bbox 2103 1941 2168 1986; x_wconf 89' lang='lat' dir='ltr'>vo·</span> 
     </span>
     <span class='ocr_line' id='line_1_20' title="bbox 147 2000 2167 2091; baseline 0 -21"><span class='ocrx_word' id='word_1_262' title='bbox 147 2016 182 2070; x_wconf 87' lang='lat' dir='ltr'>to</span> <span class='ocrx_word' id='word_1_263' title='bbox 204 2004 311 2091; x_wconf 84' lang='lat' dir='ltr'>magis</span> <span class='ocrx_word' id='word_1_264' title='bbox 335 2002 435 2069; x_wconf 87' lang='lat' dir='ltr'>Pater</span> <span class='ocrx_word' id='word_1_265' title='bbox 457 2014 568 2068; x_wconf 85' lang='lat' dir='ltr'>vester</span> <span class='ocrx_word' id='word_1_266' title='bbox 591 2000 748 2067; x_wconf 86' lang='lat' dir='ltr'>coelestis</span> <span class='ocrx_word' id='word_1_267' title='bbox 770 2003 862 2069; x_wconf 89' lang='lat' dir='ltr'>dabit</span> <span class='ocrx_word' id='word_1_268' title='bbox 874 2002 1029 2089; x_wconf 86' lang='lat' dir='ltr'>Spiritum</span> <span class='ocrx_word' id='word_1_269' title='bbox 1052 2023 1129 2067; x_wconf 89' lang='lat' dir='ltr'>sun·</span> <span class='ocrx_word' id='word_1_270' title='bbox 1182 2021 1220 2065; x_wconf 87' lang='lat' dir='ltr'>oe</span> <span class='ocrx_word' id='word_1_271' title='bbox 1239 2001 1409 2066; x_wconf 89' lang='lat' dir='ltr'>doctrinae</span> <span class='ocrx_word' id='word_1_272' title='bbox 1431 2002 1533 2068; x_wconf 90' lang='lat' dir='ltr'>ordiri</span> <span class='ocrx_word' id='word_1_273' title='bbox 1555 2008 1722 2088; x_wconf 69' lang='lat' dir='ltr'>oportere,</span> <span class='ocrx_word' id='word_1_274' title='bbox 1755 2023 1818 2067; x_wconf 90' lang='lat' dir='ltr'>nec</span> <span class='ocrx_word' id='word_1_275' title='bbox 1840 2006 2064 2089; x_wconf 81' lang='lat' dir='ltr'>quaerendam</span> <span class='ocrx_word' id='word_1_276' title='bbox 2084 2026 2167 2070; x_wconf 86' lang='lat' dir='ltr'>essa</span> 
     </span>
     <span class='ocr_line' id='line_1_21' title="bbox 147 2085 2166 2177; baseline -0 -20"><span class='ocrx_word' id='word_1_277' title='bbox 147 2099 235 2157; x_wconf 88' lang='lat' dir='ltr'>ctum</span> <span class='ocrx_word' id='word_1_278' title='bbox 256 2091 464 2177; x_wconf 82' lang='lat' dir='ltr'>petentibus:</span> <span class='ocrx_word' id='word_1_279' title='bbox 487 2087 579 2167; x_wconf 92' lang='lat' dir='ltr'>ltem,</span> <span class='ocrx_word' id='word_1_280' title='bbox 600 2087 775 2153; x_wconf 83' lang='lat' dir='ltr'>Effundam</span> <span class='ocrx_word' id='word_1_281' title='bbox 797 2108 900 2173; x_wconf 89' lang='lat' dir='ltr'>super</span> <span class='ocrx_word' id='word_1_282' title='bbox 917 2091 1050 2155; x_wconf 73' lang='lat' dir='ltr'>donnum</span> <span class='ocrx_word' id='word_1_283' title='bbox 1060 2086 1129 2153; x_wconf 88' lang='lat' dir='ltr'>Da·</span> <span class='ocrx_word' id='word_1_284' title='bbox 1180 2085 1385 2153; x_wconf 87' lang='lat' dir='ltr'>voluntatem</span> <span class='ocrx_word' id='word_1_285' title='bbox 1398 2086 1461 2151; x_wconf 88' lang='lat' dir='ltr'>Dei</span> <span class='ocrx_word' id='word_1_286' title='bbox 1484 2089 1557 2153; x_wconf 90' lang='lat' dir='ltr'>sine</span> <span class='ocrx_word' id='word_1_287' title='bbox 1577 2090 1683 2155; x_wconf 88' lang='lat' dir='ltr'>verbo</span> <span class='ocrx_word' id='word_1_288' title='bbox 1704 2090 1821 2173; x_wconf 78' lang='lat' dir='ltr'>ipsius,</span> <span class='ocrx_word' id='word_1_289' title='bbox 1843 2091 1919 2156; x_wconf 87' lang='lat' dir='ltr'>ideo</span> <span class='ocrx_word' id='word_1_290' title='bbox 1937 2110 2098 2175; x_wconf 88' lang='lat' dir='ltr'>expresse</span> <span class='ocrx_word' id='word_1_291' title='bbox 2115 2092 2166 2156; x_wconf 93' lang='lat' dir='ltr'>di·</span> 
     </span>
     <span class='ocr_line' id='line_1_22' title="bbox 147 2172 2167 2264; baseline 0.002 -25"><span class='ocrx_word' id='word_1_292' title='bbox 147 2176 203 2241; x_wconf 86' lang='lat' dir='ltr'>vid</span> <span class='ocrx_word' id='word_1_293' title='bbox 225 2176 383 2261; x_wconf 86' lang='lat' dir='ltr'>Spiritum</span> <span class='ocrx_word' id='word_1_294' title='bbox 405 2175 534 2262; x_wconf 78' lang='lat' dir='ltr'>gratiae</span> <span class='ocrx_word' id='word_1_295' title='bbox 556 2186 590 2241; x_wconf 87' lang='lat' dir='ltr'>ot</span> <span class='ocrx_word' id='word_1_296' title='bbox 635 2194 757 2239; x_wconf 87' lang='lat' dir='ltr'>recum.</span> <span class='ocrx_word' id='word_1_297' title='bbox 781 2173 873 2239; x_wconf 88' lang='lat' dir='ltr'>llaec</span> <span class='ocrx_word' id='word_1_298' title='bbox 895 2186 1074 2260; x_wconf 88' lang='lat' dir='ltr'>praecepta</span> <span class='ocrx_word' id='word_1_299' title='bbox 1096 2184 1130 2239; x_wconf 92' lang='lat' dir='ltr'>et</span> <span class='ocrx_word' id='word_1_300' title='bbox 1182 2175 1240 2239; x_wconf 89' lang='lat' dir='ltr'>eit:</span> <span class='ocrx_word' id='word_1_301' title='bbox 1264 2172 1348 2239; x_wconf 84' lang='lat' dir='ltr'>Cum</span> <span class='ocrx_word' id='word_1_302' title='bbox 1369 2175 1512 2240; x_wconf 91' lang='lat' dir='ltr'>mundus</span> <span class='ocrx_word' id='word_1_303' title='bbox 1533 2195 1600 2239; x_wconf 90' lang='lat' dir='ltr'>non</span> <span class='ocrx_word' id='word_1_304' title='bbox 1620 2185 1737 2240; x_wconf 82' lang='lat' dir='ltr'>nosset</span> <span class='ocrx_word' id='word_1_305' title='bbox 1750 2173 1904 2241; x_wconf 87' lang='lat' dir='ltr'>Deumln</span> <span class='ocrx_word' id='word_1_306' title='bbox 1917 2179 2081 2262; x_wconf 87' lang='lat' dir='ltr'>supientia</span> <span class='ocrx_word' id='word_1_307' title='bbox 2101 2199 2167 2264; x_wconf 93' lang='lat' dir='ltr'>per</span> 
     </span>
     <span class='ocr_line' id='line_1_23' title="bbox 146 2198 2166 2350; baseline 0.001 -23"><span class='ocrx_word' id='word_1_308' title='bbox 146 2262 210 2327; x_wconf 89' lang='lat' dir='ltr'>has</span> <span class='ocrx_word' id='word_1_309' title='bbox 233 2260 443 2327; x_wconf 86' lang='lat' dir='ltr'>dulclssimas</span> <span class='ocrx_word' id='word_1_310' title='bbox 465 2198 706 2347; x_wconf 70' lang='lat' dir='ltr'>promissldnes</span> <span class='ocrx_word' id='word_1_311' title='bbox 728 2261 874 2346; x_wconf 88' lang='lat' dir='ltr'>quotidie</span> <span class='ocrx_word' id='word_1_312' title='bbox 891 2263 924 2326; x_wconf 89' lang='lat' dir='ltr'>in</span> <span class='ocrx_word' id='word_1_313' title='bbox 947 2261 1130 2326; x_wconf 87' lang='lat' dir='ltr'>invocatio·</span> <span class='ocrx_word' id='word_1_314' title='bbox 1180 2278 1219 2323; x_wconf 88' lang='lat' dir='ltr'>sa</span> <span class='ocrx_word' id='word_1_315' title='bbox 1243 2260 1386 2338; x_wconf 82' lang='lat' dir='ltr'>lentiam,</span> <span class='ocrx_word' id='word_1_316' title='bbox 1407 2257 1534 2344; x_wconf 89' lang='lat' dir='ltr'>placuit</span> <span class='ocrx_word' id='word_1_317' title='bbox 1549 2260 1625 2324; x_wconf 90' lang='lat' dir='ltr'>Deo</span> <span class='ocrx_word' id='word_1_318' title='bbox 1646 2280 1708 2345; x_wconf 91' lang='lat' dir='ltr'>per</span> <span class='ocrx_word' id='word_1_319' title='bbox 1728 2261 1862 2328; x_wconf 85' lang='lat' dir='ltr'>stultam</span> <span class='ocrx_word' id='word_1_320' title='bbox 1881 2265 2166 2350; x_wconf 84' lang='lat' dir='ltr'>praedicationem</span> 
     </span>
     <span class='ocr_line' id='line_1_24' title="bbox 147 2343 1639 2434; baseline -0.002 -21"><span class='ocrx_word' id='word_1_321' title='bbox 147 2368 191 2413; x_wconf 91' lang='lat' dir='ltr'>ne</span> <span class='ocrx_word' id='word_1_322' title='bbox 213 2348 407 2434; x_wconf 82' lang='lat' dir='ltr'>cogitemus.</span> <span class='ocrx_word' id='word_1_323' title='bbox 1234 2365 1296 2410; x_wconf 90' lang='lat' dir='ltr'>vos</span> <span class='ocrx_word' id='word_1_324' title='bbox 1317 2343 1431 2411; x_wconf 88' lang='lat' dir='ltr'>iacere</span> <span class='ocrx_word' id='word_1_325' title='bbox 1453 2346 1639 2411; x_wconf 90' lang='lat' dir='ltr'>credentes.</span> 
     </span>
    </p>
   </div>
   <div class='ocr_carea' id='block_1_4' title="bbox 17 2514 2206 5199">
    <p class='ocr_par' dir='ltr' id='par_1_4' title="bbox 51 2514 2206 4142">
     <span class='ocr_line' id='line_1_25' title="bbox 234 2514 2166 2605; baseline 0.002 -21"><span class='ocrx_word' id='word_1_326' title='bbox 234 2518 346 2605; x_wconf 78' lang='lat' dir='ltr'>Supra</span> <span class='ocrx_word' id='word_1_327' title='bbox 364 2528 473 2585; x_wconf 90' lang='lat' dir='ltr'>autem</span> <span class='ocrx_word' id='word_1_328' title='bbox 496 2519 563 2585; x_wconf 83' lang='lat' dir='ltr'>dixi</span> <span class='ocrx_word' id='word_1_329' title='bbox 575 2514 781 2605; x_wconf 78' lang='lat' dir='ltr'>disciplinam</span> <span class='ocrx_word' id='word_1_330' title='bbox 803 2514 905 2596; x_wconf 91' lang='lat' dir='ltr'>illam,</span> <span class='ocrx_word' id='word_1_331' title='bbox 923 2537 1022 2604; x_wconf 89' lang='lat' dir='ltr'>quam</span> <span class='ocrx_word' id='word_1_332' title='bbox 1043 2517 1129 2582; x_wconf 91' lang='lat' dir='ltr'>ratio</span> <span class='ocrx_word' id='word_1_333' title='bbox 1149 2526 1157 2579; x_wconf 93' lang='lat' dir='ltr'>t</span> <span class='ocrx_word' id='word_1_334' title='bbox 1265 2515 1329 2581; x_wconf 83' lang='lat' dir='ltr'>Est</span> <span class='ocrx_word' id='word_1_335' title='bbox 1349 2527 1459 2582; x_wconf 87' lang='lat' dir='ltr'>uatem</span> <span class='ocrx_word' id='word_1_336' title='bbox 1481 2526 1622 2602; x_wconf 77' lang='lat' dir='ltr'>auoque</span> <span class='ocrx_word' id='word_1_337' title='bbox 1644 2520 1761 2584; x_wconf 90' lang='lat' dir='ltr'>concio</span> <span class='ocrx_word' id='word_1_338' title='bbox 1782 2517 2005 2586; x_wconf 83' lang='lat' dir='ltr'>universalis:</span> <span class='ocrx_word' id='word_1_339' title='bbox 2028 2522 2166 2589; x_wconf 86' lang='lat' dir='ltr'>Praedi-</span> 
     </span>
     <span class='ocr_line' id='line_1_26' title="bbox 147 2598 2166 2694; baseline 0.001 -23"><span class='ocrx_word' id='word_1_340' title='bbox 147 2598 284 2672; x_wconf 82' lang='lat' dir='ltr'>efficere</span> <span class='ocrx_word' id='word_1_341' title='bbox 307 2602 475 2691; x_wconf 81' lang='lat' dir='ltr'>utcunque</span> <span class='ocrx_word' id='word_1_342' title='bbox 491 2616 614 2691; x_wconf 88' lang='lat' dir='ltr'>potest,</span> <span class='ocrx_word' id='word_1_343' title='bbox 637 2625 845 2691; x_wconf 88' lang='lat' dir='ltr'>nequaquam</span> <span class='ocrx_word' id='word_1_344' title='bbox 867 2604 1061 2691; x_wconf 86' lang='lat' dir='ltr'>esseLegis</span> <span class='ocrx_word' id='word_1_345' title='bbox 1082 2603 1129 2668; x_wconf 93' lang='lat' dir='ltr'>di·</span> <span class='ocrx_word' id='word_1_346' title='bbox 1181 2602 1512 2688; x_wconf 81' lang='lat' dir='ltr'>catopoanttcnttae,</span> <span class='ocrx_word' id='word_1_347' title='bbox 1534 2614 1566 2667; x_wconf 88' lang='lat' dir='ltr'>et</span> <span class='ocrx_word' id='word_1_348' title='bbox 1576 2604 1768 2688; x_wconf 88' lang='lat' dir='ltr'>promissio,</span> <span class='ocrx_word' id='word_1_349' title='bbox 1784 2605 1924 2691; x_wconf 87' lang='lat' dir='ltr'>Utrique</span> <span class='ocrx_word' id='word_1_350' title='bbox 1934 2606 2034 2694; x_wconf 84' lang='lat' dir='ltr'>igitur</span> <span class='ocrx_word' id='word_1_351' title='bbox 2044 2629 2166 2674; x_wconf 86' lang='lat' dir='ltr'>omnes</span> 
     </span>
     <span class='ocr_line' id='line_1_27' title="bbox 51 2688 2165 2779; baseline 0.001 -21"><span class='ocrx_word' id='word_1_352' title='bbox 51 2772 54 2777; x_wconf 27' lang='grc' dir='ltr'>Ι</span> <span class='ocrx_word' id='word_1_353' title='bbox 149 2692 247 2758; x_wconf 81' lang='lat' dir='ltr'>vinae</span> <span class='ocrx_word' id='word_1_354' title='bbox 279 2688 499 2779; x_wconf 84' lang='lat' dir='ltr'>impletionem</span> <span class='ocrx_word' id='word_1_355' title='bbox 531 2712 641 2778; x_wconf 90' lang='lat' dir='ltr'>neque</span> <span class='ocrx_word' id='word_1_356' title='bbox 672 2692 846 2772; x_wconf 88' lang='lat' dir='ltr'>iustitiam,</span> <span class='ocrx_word' id='word_1_357' title='bbox 878 2712 945 2777; x_wconf 88' lang='lat' dir='ltr'>qua</span> <span class='ocrx_word' id='word_1_358' title='bbox 964 2689 1063 2755; x_wconf 90' lang='lat' dir='ltr'>bomo</span> <span class='ocrx_word' id='word_1_359' title='bbox 1085 2689 1130 2755; x_wconf 88' lang='lat' dir='ltr'>sit</span> <span class='ocrx_word' id='word_1_360' title='bbox 1179 2689 1413 2771; x_wconf 87' lang='lat' dir='ltr'>assentiamur,</span> <span class='ocrx_word' id='word_1_361' title='bbox 1433 2708 1571 2775; x_wconf 87' lang='lat' dir='ltr'>agamus</span> <span class='ocrx_word' id='word_1_362' title='bbox 1593 2691 1839 2774; x_wconf 88' lang='lat' dir='ltr'>poenitentiam,</span> <span class='ocrx_word' id='word_1_363' title='bbox 1857 2693 2165 2760; x_wconf 86' lang='lat' dir='ltr'>credamusomnes</span> 
     </span>
     <span class='ocr_line' id='line_1_28' title="bbox 146 2773 2166 2865; baseline 0.001 -21"><span class='ocrx_word' id='word_1_364' title='bbox 146 2778 253 2846; x_wconf 88' lang='lat' dir='ltr'>iustus</span> <span class='ocrx_word' id='word_1_365' title='bbox 276 2798 389 2844; x_wconf 91' lang='lat' dir='ltr'>coram</span> <span class='ocrx_word' id='word_1_366' title='bbox 410 2775 504 2859; x_wconf 89' lang='lat' dir='ltr'>Deo,</span> <span class='ocrx_word' id='word_1_367' title='bbox 525 2798 634 2865; x_wconf 88' lang='lat' dir='ltr'>noque</span> <span class='ocrx_word' id='word_1_368' title='bbox 656 2778 776 2843; x_wconf 89' lang='lat' dir='ltr'>mereri</span> <span class='ocrx_word' id='word_1_369' title='bbox 799 2779 1028 2843; x_wconf 83' lang='lat' dir='ltr'>remissionem</span> <span class='ocrx_word' id='word_1_370' title='bbox 1049 2796 1128 2862; x_wconf 87' lang='lat' dir='ltr'>peo-</span> <span class='ocrx_word' id='word_1_371' title='bbox 1179 2773 1358 2856; x_wconf 72' lang='lat' dir='ltr'>infilium,</span> <span class='ocrx_word' id='word_1_372' title='bbox 1380 2796 1443 2842; x_wconf 88' lang='lat' dir='ltr'>nee</span> <span class='ocrx_word' id='word_1_373' title='bbox 1465 2777 1671 2861; x_wconf 88' lang='lat' dir='ltr'>disputemus</span> <span class='ocrx_word' id='word_1_374' title='bbox 1693 2778 1736 2842; x_wconf 90' lang='lat' dir='ltr'>de</span> <span class='ocrx_word' id='word_1_375' title='bbox 1757 2775 1823 2844; x_wconf 90' lang='lat' dir='ltr'>alia</span> <span class='ocrx_word' id='word_1_376' title='bbox 1844 2779 2166 2862; x_wconf 83' lang='lat' dir='ltr'>arcanavoluntate,</span> 
     </span>
     <span class='ocr_line' id='line_1_29' title="bbox 147 2860 2165 2970; baseline 0.001 -39"><span class='ocrx_word' id='word_1_377' title='bbox 147 2876 315 2944; x_wconf 89' lang='lat' dir='ltr'>catorum,</span> <span class='ocrx_word' id='word_1_378' title='bbox 347 2884 455 2970; x_wconf 71' lang='lat' dir='ltr'>nepae</span> <span class='ocrx_word' id='word_1_379' title='bbox 478 2861 799 2945; x_wconf 84' lang='lat' dir='ltr'>reconciliationem,</span> <span class='ocrx_word' id='word_1_380' title='bbox 821 2884 929 2952; x_wconf 86' lang='lat' dir='ltr'>neque</span> <span class='ocrx_word' id='word_1_381' title='bbox 951 2864 1052 2931; x_wconf 82' lang='lat' dir='ltr'>vitam</span> <span class='ocrx_word' id='word_1_382' title='bbox 1074 2881 1128 2927; x_wconf 91' lang='lat' dir='ltr'>ae·</span> <span class='ocrx_word' id='word_1_383' title='bbox 1179 2882 1244 2927; x_wconf 87' lang='lat' dir='ltr'>nec</span> <span class='ocrx_word' id='word_1_384' title='bbox 1277 2860 1442 2950; x_wconf 82' lang='lat' dir='ltr'>fingamus</span> <span class='ocrx_word' id='word_1_385' title='bbox 1474 2862 1510 2927; x_wconf 92' lang='lat' dir='ltr'>in</span> <span class='ocrx_word' id='word_1_386' title='bbox 1537 2860 1614 2929; x_wconf 87' lang='lat' dir='ltr'>Deo</span> <span class='ocrx_word' id='word_1_387' title='bbox 1648 2866 1926 2930; x_wconf 88' lang='lat' dir='ltr'>contradictorias</span> <span class='ocrx_word' id='word_1_388' title='bbox 1958 2866 2165 2933; x_wconf 84' lang='lat' dir='ltr'>voluntates.</span> 
     </span>
     <span class='ocr_line' id='line_1_30' title="bbox 145 2947 2165 3034; baseline 0.002 -18"><span class='ocrx_word' id='word_1_389' title='bbox 145 2961 283 3017; x_wconf 89' lang='lat' dir='ltr'>ternum.</span> <span class='ocrx_word' id='word_1_390' title='bbox 328 2949 371 3016; x_wconf 78' lang='lat' dir='ltr'>Et</span> <span class='ocrx_word' id='word_1_391' title='bbox 399 2948 485 3017; x_wconf 76' lang='lat' dir='ltr'>inira</span> <span class='ocrx_word' id='word_1_392' title='bbox 516 2952 559 3016; x_wconf 89' lang='lat' dir='ltr'>de</span> <span class='ocrx_word' id='word_1_393' title='bbox 591 2951 640 3017; x_wconf 90' lang='lat' dir='ltr'>Lc</span> <span class='ocrx_word' id='word_1_394' title='bbox 666 2972 685 3016; x_wconf 94' lang='lat' dir='ltr'>e</span> <span class='ocrx_word' id='word_1_395' title='bbox 718 2952 906 3017; x_wconf 84' lang='lat' dir='ltr'>taxabimus</span> <span class='ocrx_word' id='word_1_396' title='bbox 934 2949 1128 3015; x_wconf 87' lang='lat' dir='ltr'>Pharisaica</span> <span class='ocrx_word' id='word_1_397' title='bbox 1180 2948 1330 3034; x_wconf 84' lang='lat' dir='ltr'>Cumque</span> <span class='ocrx_word' id='word_1_398' title='bbox 1352 2970 1373 3014; x_wconf 88' lang='lat' dir='ltr'>a</span> <span class='ocrx_word' id='word_1_399' title='bbox 1394 2950 1499 3015; x_wconf 81' lang='lat' dir='ltr'>verbo</span> <span class='ocrx_word' id='word_1_400' title='bbox 1520 2947 1585 3014; x_wconf 80' lang='lat' dir='ltr'>llei</span> <span class='ocrx_word' id='word_1_401' title='bbox 1604 2951 1761 3030; x_wconf 92' lang='lat' dir='ltr'>ordimur,</span> <span class='ocrx_word' id='word_1_402' title='bbox 1793 2952 1939 3016; x_wconf 89' lang='lat' dir='ltr'>sciamus</span> <span class='ocrx_word' id='word_1_403' title='bbox 1962 2972 2165 3021; x_wconf 85' lang='lat' dir='ltr'>concurrere</span> 
     </span>
     <span class='ocr_line' id='line_1_31' title="bbox 147 3033 2166 3124; baseline 0.001 -22"><span class='ocrx_word' id='word_1_404' title='bbox 147 3034 374 3115; x_wconf 88' lang='lat' dir='ltr'>deliramenta,</span> <span class='ocrx_word' id='word_1_405' title='bbox 393 3058 479 3123; x_wconf 86' lang='lat' dir='ltr'>quae</span> <span class='ocrx_word' id='word_1_406' title='bbox 501 3037 630 3124; x_wconf 79' lang='lat' dir='ltr'>lingunt</span> <span class='ocrx_word' id='word_1_407' title='bbox 724 3036 821 3103; x_wconf 90' lang='lat' dir='ltr'>iDei</span> <span class='ocrx_word' id='word_1_408' title='bbox 844 3036 1000 3102; x_wconf 86' lang='lat' dir='ltr'>satisfieri</span> <span class='ocrx_word' id='word_1_409' title='bbox 1020 3047 1128 3099; x_wconf 87' lang='lat' dir='ltr'>exter·</span> <span class='ocrx_word' id='word_1_410' title='bbox 1179 3033 1242 3099; x_wconf 90' lang='lat' dir='ltr'>has</span> <span class='ocrx_word' id='word_1_411' title='bbox 1265 3055 1404 3100; x_wconf 80' lang='lat' dir='ltr'>causus:</span> <span class='ocrx_word' id='word_1_412' title='bbox 1448 3034 1578 3101; x_wconf 88' lang='lat' dir='ltr'>Vocem</span> <span class='ocrx_word' id='word_1_413' title='bbox 1600 3056 1621 3100; x_wconf 91' lang='lat' dir='ltr'>a</span> <span class='ocrx_word' id='word_1_414' title='bbox 1642 3034 1717 3101; x_wconf 84' lang='lat' dir='ltr'>Deo</span> <span class='ocrx_word' id='word_1_415' title='bbox 1738 3037 1903 3116; x_wconf 87' lang='lat' dir='ltr'>traditam,</span> <span class='ocrx_word' id='word_1_416' title='bbox 1925 3052 1958 3103; x_wconf 88' lang='lat' dir='ltr'>et</span> <span class='ocrx_word' id='word_1_417' title='bbox 1979 3039 2088 3124; x_wconf 86' lang='lat' dir='ltr'>ipsum</span> <span class='ocrx_word' id='word_1_418' title='bbox 2108 3038 2166 3106; x_wconf 83' lang='lat' dir='ltr'>Fi-</span> 
     </span>
     <span class='ocr_line' id='line_1_32' title="bbox 146 3117 2166 3210; baseline 0.002 -23"><span class='ocrx_word' id='word_1_419' title='bbox 146 3120 200 3187; x_wconf 90' lang='lat' dir='ltr'>nis</span> <span class='ocrx_word' id='word_1_420' title='bbox 223 3124 394 3208; x_wconf 87' lang='lat' dir='ltr'>operibus‚</span> <span class='ocrx_word' id='word_1_421' title='bbox 417 3144 493 3189; x_wconf 88' lang='lat' dir='ltr'>cum</span> <span class='ocrx_word' id='word_1_422' title='bbox 503 3122 574 3188; x_wconf 88' lang='lat' dir='ltr'>Lex</span> <span class='ocrx_word' id='word_1_423' title='bbox 596 3125 779 3209; x_wconf 77' lang='lat' dir='ltr'>praecipiat</span> <span class='ocrx_word' id='word_1_424' title='bbox 797 3125 961 3209; x_wconf 85' lang='lat' dir='ltr'>integram</span> <span class='ocrx_word' id='word_1_425' title='bbox 974 3122 1128 3187; x_wconf 90' lang='lat' dir='ltr'>obedien·</span> <span class='ocrx_word' id='word_1_426' title='bbox 1178 3118 1258 3186; x_wconf 91' lang='lat' dir='ltr'>lium</span> <span class='ocrx_word' id='word_1_427' title='bbox 1291 3117 1466 3188; x_wconf 76' lang='lat' dir='ltr'>efficacem</span> <span class='ocrx_word' id='word_1_428' title='bbox 1498 3142 1559 3207; x_wconf 93' lang='lat' dir='ltr'>per</span> <span class='ocrx_word' id='word_1_429' title='bbox 1591 3122 1686 3188; x_wconf 76' lang='lat' dir='ltr'>verbi</span> <span class='ocrx_word' id='word_1_430' title='bbox 1714 3126 1841 3188; x_wconf 80' lang='lat' dir='ltr'>externi</span> <span class='ocrx_word' id='word_1_431' title='bbox 1870 3125 2105 3210; x_wconf 82' lang='lat' dir='ltr'>cogitationem</span> <span class='ocrx_word' id='word_1_432' title='bbox 2128 3138 2166 3192; x_wconf 89' lang='lat' dir='ltr'>et</span> 
     </span>
     <span class='ocr_line' id='line_1_33' title="bbox 146 3208 2165 3296; baseline 0.002 -22"><span class='ocrx_word' id='word_1_433' title='bbox 146 3209 226 3274; x_wconf 87' lang='lat' dir='ltr'>tiam</span> <span class='ocrx_word' id='word_1_434' title='bbox 248 3211 282 3273; x_wconf 89' lang='lat' dir='ltr'>in</span> <span class='ocrx_word' id='word_1_435' title='bbox 304 3219 432 3287; x_wconf 90' lang='lat' dir='ltr'>mente,</span> <span class='ocrx_word' id='word_1_436' title='bbox 457 3210 559 3274; x_wconf 88' lang='lat' dir='ltr'>corde</span> <span class='ocrx_word' id='word_1_437' title='bbox 583 3221 616 3273; x_wconf 88' lang='lat' dir='ltr'>et</span> <span class='ocrx_word' id='word_1_438' title='bbox 638 3210 785 3274; x_wconf 80' lang='lat' dir='ltr'>externis</span> <span class='ocrx_word' id='word_1_439' title='bbox 807 3210 1014 3288; x_wconf 89' lang='lat' dir='ltr'>actionibus,</span> <span class='ocrx_word' id='word_1_440' title='bbox 1037 3209 1145 3279; x_wconf 84' lang='lat' dir='ltr'>iuxta,</span> <span class='ocrx_word' id='word_1_441' title='bbox 1180 3208 1312 3273; x_wconf 91' lang='lat' dir='ltr'>dautem</span> <span class='ocrx_word' id='word_1_442' title='bbox 1327 3208 1485 3292; x_wconf 89' lang='lat' dir='ltr'>Spiritum</span> <span class='ocrx_word' id='word_1_443' title='bbox 1507 3219 1672 3287; x_wconf 83' lang='lat' dir='ltr'>sanctum,</span> <span class='ocrx_word' id='word_1_444' title='bbox 1694 3210 1781 3276; x_wconf 86' lang='lat' dir='ltr'>sicut</span> <span class='ocrx_word' id='word_1_445' title='bbox 1802 3212 1923 3296; x_wconf 87' lang='lat' dir='ltr'>inquit:</span> <span class='ocrx_word' id='word_1_446' title='bbox 1945 3211 2051 3277; x_wconf 85' lang='lat' dir='ltr'>Nemo</span> <span class='ocrx_word' id='word_1_447' title='bbox 2069 3214 2165 3278; x_wconf 86' lang='lat' dir='ltr'>novit</span> 
     </span>
     <span class='ocr_line' id='line_1_34' title="bbox 146 3290 2163 3381; baseline 0.002 -21"><span class='ocrx_word' id='word_1_448' title='bbox 146 3294 285 3363; x_wconf 81' lang='lat' dir='ltr'>dictum:</span> <span class='ocrx_word' id='word_1_449' title='bbox 308 3293 440 3381; x_wconf 83' lang='lat' dir='ltr'>Diligas</span> <span class='ocrx_word' id='word_1_450' title='bbox 462 3292 641 3361; x_wconf 86' lang='lat' dir='ltr'>Dominum</span> <span class='ocrx_word' id='word_1_451' title='bbox 652 3293 761 3361; x_wconf 86' lang='lat' dir='ltr'>Deum</span> <span class='ocrx_word' id='word_1_452' title='bbox 783 3308 875 3363; x_wconf 91' lang='lat' dir='ltr'>tuum</span> <span class='ocrx_word' id='word_1_453' title='bbox 897 3315 938 3360; x_wconf 86' lang='lat' dir='ltr'>ex</span> <span class='ocrx_word' id='word_1_454' title='bbox 961 3306 1031 3361; x_wconf 90' lang='lat' dir='ltr'>toto</span> <span class='ocrx_word' id='word_1_455' title='bbox 1055 3315 1128 3359; x_wconf 92' lang='lat' dir='ltr'>cor·</span> <span class='ocrx_word' id='word_1_456' title='bbox 1179 3292 1313 3358; x_wconf 89' lang='lat' dir='ltr'>Patrem</span> <span class='ocrx_word' id='word_1_457' title='bbox 1334 3294 1399 3359; x_wconf 88' lang='lat' dir='ltr'>nisi</span> <span class='ocrx_word' id='word_1_458' title='bbox 1421 3290 1543 3373; x_wconf 86' lang='lat' dir='ltr'>Filius,</span> <span class='ocrx_word' id='word_1_459' title='bbox 1576 3305 1610 3360; x_wconf 89' lang='lat' dir='ltr'>et</span> <span class='ocrx_word' id='word_1_460' title='bbox 1631 3295 1684 3360; x_wconf 81' lang='lat' dir='ltr'>cai</span> <span class='ocrx_word' id='word_1_461' title='bbox 1704 3292 1849 3362; x_wconf 84' lang='lat' dir='ltr'>voluerit</span> <span class='ocrx_word' id='word_1_462' title='bbox 1871 3293 1975 3363; x_wconf 83' lang='lat' dir='ltr'>Filius</span> <span class='ocrx_word' id='word_1_463' title='bbox 1996 3296 2163 3364; x_wconf 86' lang='lat' dir='ltr'>revelare.</span> 
     </span>
     <span class='ocr_line' id='line_1_35' title="bbox 146 3378 2164 3471; baseline 0.001 -23"><span class='ocrx_word' id='word_1_464' title='bbox 146 3381 200 3448; x_wconf 84' lang='lat' dir='ltr'>de·</span> <span class='ocrx_word' id='word_1_465' title='bbox 233 3379 429 3468; x_wconf 74' lang='lat' dir='ltr'>congruere</span> <span class='ocrx_word' id='word_1_466' title='bbox 451 3403 525 3448; x_wconf 85' lang='lat' dir='ltr'>curu</span> <span class='ocrx_word' id='word_1_467' title='bbox 538 3378 632 3469; x_wconf 87' lang='lat' dir='ltr'>Lege</span> <span class='ocrx_word' id='word_1_468' title='bbox 653 3394 795 3448; x_wconf 87' lang='lat' dir='ltr'>mentem</span> <span class='ocrx_word' id='word_1_469' title='bbox 817 3394 850 3449; x_wconf 93' lang='lat' dir='ltr'>et</span> <span class='ocrx_word' id='word_1_470' title='bbox 868 3401 929 3449; x_wconf 94' lang='lat' dir='ltr'>cor</span> <span class='ocrx_word' id='word_1_471' title='bbox 939 3383 1128 3467; x_wconf 88' lang='lat' dir='ltr'>oportebat,</span> <span class='ocrx_word' id='word_1_472' title='bbox 1179 3379 1323 3460; x_wconf 82' lang='lat' dir='ltr'>Scimus,</span> <span class='ocrx_word' id='word_1_473' title='bbox 1346 3382 1437 3466; x_wconf 89' lang='lat' dir='ltr'>quod</span> <span class='ocrx_word' id='word_1_474' title='bbox 1459 3381 1503 3446; x_wconf 90' lang='lat' dir='ltr'>eit</span> <span class='ocrx_word' id='word_1_475' title='bbox 1523 3381 1556 3445; x_wconf 91' lang='lat' dir='ltr'>in</span> <span class='ocrx_word' id='word_1_476' title='bbox 1578 3382 1695 3462; x_wconf 86' lang='lat' dir='ltr'>nobis,</span> <span class='ocrx_word' id='word_1_477' title='bbox 1740 3383 1795 3447; x_wconf 91' lang='lat' dir='ltr'>uia</span> <span class='ocrx_word' id='word_1_478' title='bbox 1816 3384 1858 3448; x_wconf 88' lang='lat' dir='ltr'>dc</span> <span class='ocrx_word' id='word_1_479' title='bbox 1880 3384 2001 3471; x_wconf 89' lang='lat' dir='ltr'>Spiritu</span> <span class='ocrx_word' id='word_1_480' title='bbox 2022 3406 2086 3451; x_wconf 89' lang='lat' dir='ltr'>suo</span> <span class='ocrx_word' id='word_1_481' title='bbox 2104 3387 2164 3451; x_wconf 92' lang='lat' dir='ltr'>dat</span> 
     </span>
     <span class='ocr_line' id='line_1_36' title="bbox 146 3465 2206 3559; baseline 0.001 -24"><span class='ocrx_word' id='word_1_482' title='bbox 146 3488 233 3557; x_wconf 86' lang='lat' dir='ltr'>quae</span> <span class='ocrx_word' id='word_1_483' title='bbox 254 3465 456 3534; x_wconf 76' lang='lat' dir='ltr'>horribiliter</span> <span class='ocrx_word' id='word_1_484' title='bbox 477 3478 664 3556; x_wconf 82' lang='lat' dir='ltr'>repugnant</span> <span class='ocrx_word' id='word_1_485' title='bbox 691 3467 776 3554; x_wconf 86' lang='lat' dir='ltr'>L&#39;egi</span> <span class='ocrx_word' id='word_1_486' title='bbox 798 3468 881 3547; x_wconf 87' lang='lat' dir='ltr'>Dei,</span> <span class='ocrx_word' id='word_1_487' title='bbox 914 3468 1002 3535; x_wconf 90' lang='lat' dir='ltr'>sicut</span> <span class='ocrx_word' id='word_1_488' title='bbox 1026 3479 1059 3533; x_wconf 89' lang='lat' dir='ltr'>et</span> <span class='ocrx_word' id='word_1_489' title='bbox 1079 3478 1128 3532; x_wconf 89' lang='lat' dir='ltr'>te·</span> <span class='ocrx_word' id='word_1_490' title='bbox 1178 3468 1285 3532; x_wconf 88' lang='lat' dir='ltr'>nobis.</span> <span class='ocrx_word' id='word_1_491' title='bbox 1330 3466 1422 3547; x_wconf 87' lang='lat' dir='ltr'>ltcm,</span> <span class='ocrx_word' id='word_1_492' title='bbox 1446 3466 1523 3552; x_wconf 87' lang='lat' dir='ltr'>lpse</span> <span class='ocrx_word' id='word_1_493' title='bbox 1544 3476 1597 3531; x_wconf 90' lang='lat' dir='ltr'>est</span> <span class='ocrx_word' id='word_1_494' title='bbox 1619 3478 1719 3554; x_wconf 90' lang='lat' dir='ltr'>caput</span> <span class='ocrx_word' id='word_1_495' title='bbox 1767 3467 1911 3534; x_wconf 87' lang='lat' dir='ltr'>eclesiae</span> <span class='ocrx_word' id='word_1_496' title='bbox 1932 3472 2044 3536; x_wconf 88' lang='lat' dir='ltr'>omnia</span> <span class='ocrx_word' id='word_1_497' title='bbox 2064 3471 2164 3559; x_wconf 83' lang='lat' dir='ltr'>porli-</span> <span class='ocrx_word' id='word_1_498' title='bbox 2203 3544 2206 3549; x_wconf 57' lang='grc'><strong>,</strong></span> 
     </span>
     <span class='ocr_line' id='line_1_37' title="bbox 146 3552 2165 3658; baseline 0.001 -38"><span class='ocrx_word' id='word_1_499' title='bbox 146 3552 406 3622; x_wconf 76' lang='lat' dir='ltr'>staturl&#39;aulus:</span> <span class='ocrx_word' id='word_1_500' title='bbox 430 3554 559 3620; x_wconf 86' lang='lat' dir='ltr'>Sensus</span> <span class='ocrx_word' id='word_1_501' title='bbox 582 3556 693 3620; x_wconf 87' lang='lat' dir='ltr'>carnis</span> <span class='ocrx_word' id='word_1_502' title='bbox 715 3555 881 3621; x_wconf 91' lang='lat' dir='ltr'>inimicitia</span> <span class='ocrx_word' id='word_1_503' title='bbox 900 3555 1128 3619; x_wconf 87' lang='lat' dir='ltr'>estadversus</span> <span class='ocrx_word' id='word_1_504' title='bbox 1180 3554 1271 3617; x_wconf 88' lang='lat' dir='ltr'>ciens</span> <span class='ocrx_word' id='word_1_505' title='bbox 1293 3553 1328 3617; x_wconf 94' lang='lat' dir='ltr'>in</span> <span class='ocrx_word' id='word_1_506' title='bbox 1350 3556 1521 3619; x_wconf 82' lang='lat' dir='ltr'>omnibus:</span> <span class='ocrx_word' id='word_1_507' title='bbox 1545 3564 1579 3618; x_wconf 85' lang='lat' dir='ltr'>et</span> <span class='ocrx_word' id='word_1_508' title='bbox 1599 3564 1678 3620; x_wconf 91' lang='lat' dir='ltr'>tunc</span> <span class='ocrx_word' id='word_1_509' title='bbox 1696 3567 1853 3658; x_wconf 86' lang='lat' dir='ltr'>oportere</span> <span class='ocrx_word' id='word_1_510' title='bbox 1871 3555 2074 3622; x_wconf 86' lang='lat' dir='ltr'>voluntatem</span> <span class='ocrx_word' id='word_1_511' title='bbox 2091 3578 2165 3623; x_wconf 88' lang='lat' dir='ltr'>nou</span> 
     </span>
     <span class='ocr_line' id='line_1_38' title="bbox 144 3638 2165 3788; baseline 0.002 -82"><span class='ocrx_word' id='word_1_512' title='bbox 144 3638 265 3707; x_wconf 87' lang='lat' dir='ltr'>Deum.</span> <span class='ocrx_word' id='word_1_513' title='bbox 288 3639 384 3707; x_wconf 85' lang='lat' dir='ltr'>lllens</span> <span class='ocrx_word' id='word_1_514' title='bbox 407 3643 525 3707; x_wconf 90' lang='lat' dir='ltr'>innon</span> <span class='ocrx_word' id='word_1_515' title='bbox 548 3643 672 3708; x_wconf 90' lang='lat' dir='ltr'>renatis</span> <span class='ocrx_word' id='word_1_516' title='bbox 693 3638 792 3726; x_wconf 89' lang='lat' dir='ltr'>plena</span> <span class='ocrx_word' id='word_1_517' title='bbox 813 3654 866 3707; x_wconf 88' lang='lat' dir='ltr'>est</span> <span class='ocrx_word' id='word_1_518' title='bbox 888 3641 1127 3706; x_wconf 88' lang='lat' dir='ltr'>dubitationum</span> <span class='ocrx_word' id='word_1_519' title='bbox 1179 3659 1367 3726; x_wconf 88' lang='lat' dir='ltr'>repugnare</span> <span class='ocrx_word' id='word_1_520' title='bbox 1388 3639 1481 3720; x_wconf 86' lang='lat' dir='ltr'>Deo,</span> <span class='ocrx_word' id='word_1_521' title='bbox 1513 3641 1575 3704; x_wconf 92' lang='lat' dir='ltr'>sed</span> <span class='ocrx_word' id='word_1_522' title='bbox 1598 3643 1771 3721; x_wconf 76' lang='lat' dir='ltr'>assentari,</span> <span class='ocrx_word' id='word_1_523' title='bbox 1800 3660 1875 3707; x_wconf 86' lang='lat' dir='ltr'>oum</span> <span class='ocrx_word' id='word_1_524' title='bbox 1898 3644 2030 3788; x_wconf 50' lang='lat' dir='ltr'>guidem</span> <span class='ocrx_word' id='word_1_525' title='bbox 2052 3645 2118 3709; x_wconf 89' lang='lat' dir='ltr'>iam</span> <span class='ocrx_word' id='word_1_526' title='bbox 2142 3667 2165 3711; x_wconf 88' lang='lat' dir='ltr'>a</span> 
     </span>
     <span class='ocr_line' id='line_1_39' title="bbox 143 3724 2165 3815; baseline 0.001 -22"><span class='ocrx_word' id='word_1_527' title='bbox 143 3728 189 3811; x_wconf 86' lang='lat' dir='ltr'>de</span> <span class='ocrx_word' id='word_1_528' title='bbox 210 3724 299 3806; x_wconf 89' lang='lat' dir='ltr'>Deo,</span> <span class='ocrx_word' id='word_1_529' title='bbox 323 3728 426 3793; x_wconf 90' lang='lat' dir='ltr'>corda</span> <span class='ocrx_word' id='word_1_530' title='bbox 448 3740 526 3794; x_wconf 90' lang='lat' dir='ltr'>sunt</span> <span class='ocrx_word' id='word_1_531' title='bbox 546 3730 620 3793; x_wconf 89' lang='lat' dir='ltr'>sinc</span> <span class='ocrx_word' id='word_1_532' title='bbox 641 3749 722 3794; x_wconf 88' lang='lat' dir='ltr'>vero</span> <span class='ocrx_word' id='word_1_533' title='bbox 744 3729 861 3794; x_wconf 85' lang='lat' dir='ltr'>timore</span> <span class='ocrx_word' id='word_1_534' title='bbox 878 3726 954 3805; x_wconf 91' lang='lat' dir='ltr'>Dei,</span> <span class='ocrx_word' id='word_1_535' title='bbox 976 3726 1050 3791; x_wconf 87' lang='lat' dir='ltr'>sine</span> <span class='ocrx_word' id='word_1_536' title='bbox 1072 3747 1127 3793; x_wconf 89' lang='lat' dir='ltr'>ve·</span> <span class='ocrx_word' id='word_1_537' title='bbox 1177 3725 1253 3792; x_wconf 89' lang='lat' dir='ltr'>Deo</span> <span class='ocrx_word' id='word_1_538' title='bbox 1275 3724 1436 3791; x_wconf 87' lang='lat' dir='ltr'>trabatur.</span> <span class='ocrx_word' id='word_1_539' title='bbox 1480 3725 1603 3790; x_wconf 87' lang='lat' dir='ltr'>Posset</span> <span class='ocrx_word' id='word_1_540' title='bbox 1625 3727 1712 3791; x_wconf 87' lang='lat' dir='ltr'>enim</span> <span class='ocrx_word' id='word_1_541' title='bbox 1735 3739 1891 3794; x_wconf 83' lang='lat' dir='ltr'>excutere</span> <span class='ocrx_word' id='word_1_542' title='bbox 1926 3730 2061 3815; x_wconf 87' lang='lat' dir='ltr'>piritum</span> <span class='ocrx_word' id='word_1_543' title='bbox 2082 3751 2165 3795; x_wconf 89' lang='lat' dir='ltr'>san.-</span> 
     </span>
     <span class='ocr_line' id='line_1_40' title="bbox 144 3808 2164 3901; baseline 0.002 -24"><span class='ocrx_word' id='word_1_544' title='bbox 144 3830 186 3877; x_wconf 87' lang='lat' dir='ltr'>ra</span> <span class='ocrx_word' id='word_1_545' title='bbox 206 3810 327 3878; x_wconf 85' lang='lat' dir='ltr'>fiducia</span> <span class='ocrx_word' id='word_1_546' title='bbox 349 3813 431 3892; x_wconf 86' lang='lat' dir='ltr'>Dei,</span> <span class='ocrx_word' id='word_1_547' title='bbox 465 3825 498 3879; x_wconf 90' lang='lat' dir='ltr'>et</span> <span class='ocrx_word' id='word_1_548' title='bbox 519 3812 644 3881; x_wconf 89' lang='lat' dir='ltr'>babent</span> <span class='ocrx_word' id='word_1_549' title='bbox 665 3815 809 3901; x_wconf 89' lang='lat' dir='ltr'>impetus</span> <span class='ocrx_word' id='word_1_550' title='bbox 831 3814 987 3879; x_wconf 88' lang='lat' dir='ltr'>ardentes</span> <span class='ocrx_word' id='word_1_551' title='bbox 1010 3825 1127 3878; x_wconf 90' lang='lat' dir='ltr'>contra</span> <span class='ocrx_word' id='word_1_552' title='bbox 1178 3824 1279 3891; x_wconf 89' lang='lat' dir='ltr'>ctum,</span> <span class='ocrx_word' id='word_1_553' title='bbox 1301 3823 1339 3878; x_wconf 90' lang='lat' dir='ltr'>ut</span> <span class='ocrx_word' id='word_1_554' title='bbox 1355 3813 1481 3878; x_wconf 86' lang='lat' dir='ltr'>excutit</span> <span class='ocrx_word' id='word_1_555' title='bbox 1502 3808 1585 3876; x_wconf 90' lang='lat' dir='ltr'>Saul</span> <span class='ocrx_word' id='word_1_556' title='bbox 1606 3830 1669 3879; x_wconf 88' lang='lat' dir='ltr'>sua</span> <span class='ocrx_word' id='word_1_557' title='bbox 1690 3827 1830 3899; x_wconf 79' lang='lat' dir='ltr'>spontet</span> <span class='ocrx_word' id='word_1_558' title='bbox 1875 3814 1944 3880; x_wconf 87' lang='lat' dir='ltr'>Sed</span> <span class='ocrx_word' id='word_1_559' title='bbox 1967 3836 2042 3882; x_wconf 89' lang='lat' dir='ltr'>cum</span> <span class='ocrx_word' id='word_1_560' title='bbox 2064 3818 2164 3882; x_wconf 83' lang='lat' dir='ltr'>mens</span> 
     </span>
     <span class='ocr_line' id='line_1_41' title="bbox 144 3892 2165 3991; baseline 0.002 -28"><span class='ocrx_word' id='word_1_561' title='bbox 144 3892 273 3985; x_wconf 77' lang='lat' dir='ltr'>Legem</span> <span class='ocrx_word' id='word_1_562' title='bbox 297 3897 377 3977; x_wconf 91' lang='lat' dir='ltr'>Dei,</span> <span class='ocrx_word' id='word_1_563' title='bbox 410 3899 552 3985; x_wconf 89' lang='lat' dir='ltr'>denique</span> <span class='ocrx_word' id='word_1_564' title='bbox 581 3912 702 3966; x_wconf 88' lang='lat' dir='ltr'>natura</span> <span class='ocrx_word' id='word_1_565' title='bbox 723 3898 866 3967; x_wconf 89' lang='lat' dir='ltr'>bumana</span> <span class='ocrx_word' id='word_1_566' title='bbox 888 3918 1052 3986; x_wconf 86' lang='lat' dir='ltr'>oppressa</span> <span class='ocrx_word' id='word_1_567' title='bbox 1074 3910 1128 3965; x_wconf 83' lang='lat' dir='ltr'>est</span> <span class='ocrx_word' id='word_1_568' title='bbox 1177 3899 1317 3965; x_wconf 89' lang='lat' dir='ltr'>audiens</span> <span class='ocrx_word' id='word_1_569' title='bbox 1338 3918 1439 3977; x_wconf 83' lang='lat' dir='ltr'>aesc</span> <span class='ocrx_word' id='word_1_570' title='bbox 1461 3908 1653 3964; x_wconf 85' lang='lat' dir='ltr'>sustentans</span> <span class='ocrx_word' id='word_1_571' title='bbox 1674 3920 1743 3965; x_wconf 91' lang='lat' dir='ltr'>non</span> <span class='ocrx_word' id='word_1_572' title='bbox 1824 3913 1947 3991; x_wconf 80' lang='lat' dir='ltr'>agnat,</span> <span class='ocrx_word' id='word_1_573' title='bbox 1968 3921 2036 3967; x_wconf 90' lang='lat' dir='ltr'>non</span> <span class='ocrx_word' id='word_1_574' title='bbox 2053 3901 2165 3969; x_wconf 88' lang='lat' dir='ltr'>indul·</span> 
     </span>
     <span class='ocr_line' id='line_1_42' title="bbox 144 3982 2166 4074; baseline 0.003 -24"><span class='ocrx_word' id='word_1_575' title='bbox 144 3995 286 4073; x_wconf 85' lang='lat' dir='ltr'>peccato</span> <span class='ocrx_word' id='word_1_576' title='bbox 309 3989 343 4049; x_wconf 82' lang='lat' dir='ltr'>&#39;et</span> <span class='ocrx_word' id='word_1_577' title='bbox 364 3995 480 4050; x_wconf 85' lang='lat' dir='ltr'>morte.</span> <span class='ocrx_word' id='word_1_578' title='bbox 526 3985 618 4051; x_wconf 88' lang='lat' dir='ltr'>llaec</span> <span class='ocrx_word' id='word_1_579' title='bbox 639 3988 787 4072; x_wconf 87' lang='lat' dir='ltr'>ingentia</span> <span class='ocrx_word' id='word_1_580' title='bbox 814 3984 902 4053; x_wconf 85' lang='lat' dir='ltr'>mala</span> <span class='ocrx_word' id='word_1_581' title='bbox 928 3988 1124 4066; x_wconf 83' lang='lat' dir='ltr'>brtueamur,</span> <span class='ocrx_word' id='word_1_582' title='bbox 1178 3997 1234 4072; x_wconf 89' lang='lat' dir='ltr'>get</span> <span class='ocrx_word' id='word_1_583' title='bbox 1256 3982 1469 4065; x_wconf 82' lang='lat' dir='ltr'>diffidentiae,</span> <span class='ocrx_word' id='word_1_584' title='bbox 1502 3985 1563 4050; x_wconf 90' lang='lat' dir='ltr'>sed</span> <span class='ocrx_word' id='word_1_585' title='bbox 1585 3985 1762 4051; x_wconf 88' lang='lat' dir='ltr'>adiuvante</span> <span class='ocrx_word' id='word_1_586' title='bbox 1811 3983 1868 4053; x_wconf 88' lang='lat' dir='ltr'>ilic</span> <span class='ocrx_word' id='word_1_587' title='bbox 1889 3986 1955 4052; x_wconf 85' lang='lat' dir='ltr'>Dei</span> <span class='ocrx_word' id='word_1_588' title='bbox 1978 4008 2038 4074; x_wconf 88' lang='lat' dir='ltr'>per</span> <span class='ocrx_word' id='word_1_589' title='bbox 2058 3989 2084 4051; x_wconf 81' lang='lat' dir='ltr'>S</span> <span class='ocrx_word' id='word_1_590' title='bbox 2108 3991 2166 4056; x_wconf 86' lang='lat' dir='ltr'>&#39;ri-</span> 
     </span>
     <span class='ocr_line' id='line_1_43' title="bbox 144 4068 2163 4142; baseline 0.001 -3"><span class='ocrx_word' id='word_1_591' title='bbox 144 4091 221 4139; x_wconf 82' lang='lat' dir='ltr'>eum</span> <span class='ocrx_word' id='word_1_592' title='bbox 240 4082 436 4138; x_wconf 83' lang='lat' dir='ltr'>extenuatur</span> <span class='ocrx_word' id='word_1_593' title='bbox 456 4068 594 4137; x_wconf 85' lang='lat' dir='ltr'>libertas</span> <span class='ocrx_word' id='word_1_594' title='bbox 617 4072 810 4139; x_wconf 88' lang='lat' dir='ltr'>voluntatis.</span> <span class='ocrx_word' id='word_1_595' title='bbox 1176 4083 1247 4137; x_wconf 89' lang='lat' dir='ltr'>tum</span> <span class='ocrx_word' id='word_1_596' title='bbox 1280 4083 1433 4136; x_wconf 89' lang='lat' dir='ltr'>sanctum</span> <span class='ocrx_word' id='word_1_597' title='bbox 1455 4071 1645 4136; x_wconf 88' lang='lat' dir='ltr'>assentitur.</span> <span class='ocrx_word' id='word_1_598' title='bbox 1690 4071 1727 4136; x_wconf 87' lang='lat' dir='ltr'>ln</span> <span class='ocrx_word' id='word_1_599' title='bbox 1748 4072 1815 4140; x_wconf 90' lang='lat' dir='ltr'>boc</span> <span class='ocrx_word' id='word_1_600' title='bbox 1838 4076 2018 4140; x_wconf 89' lang='lat' dir='ltr'>certamine</span> <span class='ocrx_word' id='word_1_601' title='bbox 2040 4095 2084 4141; x_wconf 88' lang='lat' dir='ltr'>vo</span> <span class='ocrx_word' id='word_1_602' title='bbox 2100 4098 2163 4142; x_wconf 90' lang='lat' dir='ltr'>un·</span> 
     </span>
    </p>

    <p class='ocr_par' dir='ltr' id='par_1_5' title="bbox 17 4156 2188 5199">
     <span class='ocr_line' id='line_1_44' title="bbox 1179 4156 2166 4252; baseline 0.008 -30"><span class='ocrx_word' id='word_1_603' title='bbox 1179 4168 1232 4223; x_wconf 84' lang='lat' dir='ltr'>tas</span> <span class='ocrx_word' id='word_1_604' title='bbox 1254 4178 1324 4223; x_wconf 93' lang='lat' dir='ltr'>non</span> <span class='ocrx_word' id='word_1_605' title='bbox 1345 4169 1399 4222; x_wconf 88' lang='lat' dir='ltr'>est</span> <span class='ocrx_word' id='word_1_606' title='bbox 1421 4157 1540 4224; x_wconf 91' lang='lat' dir='ltr'>otiosa.</span> <span class='ocrx_word' id='word_1_607' title='bbox 1586 4156 1629 4223; x_wconf 87' lang='lat' dir='ltr'>Et</span> <span class='ocrx_word' id='word_1_608' title='bbox 1650 4171 1784 4225; x_wconf 79' lang='lat' dir='ltr'>veteres</span> <span class='ocrx_word' id='word_1_609' title='bbox 1806 4159 1976 4252; x_wconf 65' lang='lat' dir='ltr'>dixeruntt</span> <span class='ocrx_word' id='word_1_610' title='bbox 2019 4159 2166 4230; x_wconf 82' lang='lat' dir='ltr'>Praeca-</span> 
     </span>
     <span class='ocr_line' id='line_1_45' title="bbox 232 4242 2165 4333; baseline 0.003 -20"><span class='ocrx_word' id='word_1_611' title='bbox 232 4244 293 4313; x_wconf 86' lang='lat' dir='ltr'>llic</span> <span class='ocrx_word' id='word_1_612' title='bbox 325 4245 427 4333; x_wconf 90' lang='lat' dir='ltr'>igitur</span> <span class='ocrx_word' id='word_1_613' title='bbox 448 4246 588 4330; x_wconf 91' lang='lat' dir='ltr'>primum</span> <span class='ocrx_word' id='word_1_614' title='bbox 612 4254 645 4310; x_wconf 86' lang='lat' dir='ltr'>et</span> <span class='ocrx_word' id='word_1_615' title='bbox 665 4247 841 4331; x_wconf 89' lang='lat' dir='ltr'>perspicue</span> <span class='ocrx_word' id='word_1_616' title='bbox 868 4244 1005 4311; x_wconf 79' lang='lat' dir='ltr'>dicitur:</span> <span class='ocrx_word' id='word_1_617' title='bbox 1049 4242 1126 4310; x_wconf 83' lang='lat' dir='ltr'>Non</span> <span class='ocrx_word' id='word_1_618' title='bbox 1177 4244 1278 4310; x_wconf 87' lang='lat' dir='ltr'>dente</span> <span class='ocrx_word' id='word_1_619' title='bbox 1296 4244 1415 4331; x_wconf 83' lang='lat' dir='ltr'>gratia,</span> <span class='ocrx_word' id='word_1_620' title='bbox 1448 4244 1628 4310; x_wconf 87' lang='lat' dir='ltr'>comitante</span> <span class='ocrx_word' id='word_1_621' title='bbox 1648 4242 1821 4312; x_wconf 83' lang='lat' dir='ltr'>voluntate</span> <span class='ocrx_word' id='word_1_622' title='bbox 1838 4248 1928 4311; x_wconf 90' lang='lat' dir='ltr'>bona</span> <span class='ocrx_word' id='word_1_623' title='bbox 1950 4266 2054 4332; x_wconf 84' lang='lat' dir='ltr'>opera</span> <span class='ocrx_word' id='word_1_624' title='bbox 2076 4247 2165 4319; x_wconf 87' lang='lat' dir='ltr'>lieri.</span> 
     </span>
     <span class='ocr_line' id='line_1_46' title="bbox 142 4328 2038 4425; baseline -0.005 -25"><span class='ocrx_word' id='word_1_625' title='bbox 142 4344 257 4425; x_wconf 87' lang='lat' dir='ltr'>potest</span> <span class='ocrx_word' id='word_1_626' title='bbox 284 4333 429 4399; x_wconf 83' lang='lat' dir='ltr'>bantana</span> <span class='ocrx_word' id='word_1_627' title='bbox 457 4328 614 4398; x_wconf 88' lang='lat' dir='ltr'>voluntas</span> <span class='ocrx_word' id='word_1_628' title='bbox 642 4351 766 4397; x_wconf 82' lang='lat' dir='ltr'>exuere</span> <span class='ocrx_word' id='word_1_629' title='bbox 787 4330 962 4397; x_wconf 87' lang='lat' dir='ltr'>nobiscum</span> <span class='ocrx_word' id='word_1_630' title='bbox 985 4350 1127 4397; x_wconf 83' lang='lat' dir='ltr'>nascen-</span> <span class='ocrx_word' id='word_1_631' title='bbox 2031 4362 2038 4371; x_wconf 95' lang='lat'><em>·</em></span> 
     </span>
     <span class='ocr_line' id='line_1_47' title="bbox 144 4413 2165 4508; baseline -0.001 -21"><span class='ocrx_word' id='word_1_632' title='bbox 144 4430 211 4488; x_wconf 90' lang='lat' dir='ltr'>tem</span> <span class='ocrx_word' id='word_1_633' title='bbox 244 4420 460 4506; x_wconf 87' lang='lat' dir='ltr'>pravitatem,</span> <span class='ocrx_word' id='word_1_634' title='bbox 494 4439 558 4485; x_wconf 89' lang='lat' dir='ltr'>neo</span> <span class='ocrx_word' id='word_1_635' title='bbox 590 4428 701 4505; x_wconf 88' lang='lat' dir='ltr'>potest</span> <span class='ocrx_word' id='word_1_636' title='bbox 722 4416 805 4504; x_wconf 83' lang='lat' dir='ltr'>Legi</span> <span class='ocrx_word' id='word_1_637' title='bbox 828 4416 893 4482; x_wconf 90' lang='lat' dir='ltr'>Dei</span> <span class='ocrx_word' id='word_1_638' title='bbox 919 4415 1127 4495; x_wconf 84' lang='lat' dir='ltr'>satislacere,</span> <span class='ocrx_word' id='word_1_639' title='bbox 1264 4414 1307 4482; x_wconf 83' lang='lat' dir='ltr'>Et</span> <span class='ocrx_word' id='word_1_640' title='bbox 1327 4413 1475 4481; x_wconf 85' lang='lat' dir='ltr'>Basilius</span> <span class='ocrx_word' id='word_1_641' title='bbox 1497 4416 1616 4502; x_wconf 76' lang='lat' dir='ltr'>inquitr</span> <span class='ocrx_word' id='word_1_642' title='bbox 1638 4417 1731 4499; x_wconf 72' lang='lat' dir='ltr'>pirus</span> <span class='ocrx_word' id='word_1_643' title='bbox 1745 4424 1875 4500; x_wconf 65' lang='lat' dir='ltr'>dapum</span> <span class='ocrx_word' id='word_1_644' title='bbox 1895 4423 1947 4482; x_wconf 75' lang='lat' dir='ltr'>aci</span> <span class='ocrx_word' id='word_1_645' title='bbox 1966 4417 2044 4495; x_wconf 71' lang='grc' dir='ltr'>θεὸς</span> <span class='ocrx_word' id='word_1_646' title='bbox 2063 4444 2165 4508; x_wconf 77' lang='grc' dir='ltr'><strong><em>προα-</em></strong></span> 
     </span>
     <span class='ocr_line' id='line_1_48' title="bbox 144 4501 2166 4595; baseline 0 -22"><span class='ocrx_word' id='word_1_647' title='bbox 144 4526 231 4595; x_wconf 87' lang='lat' dir='ltr'>quae</span> <span class='ocrx_word' id='word_1_648' title='bbox 254 4508 377 4573; x_wconf 88' lang='lat' dir='ltr'>iudicat</span> <span class='ocrx_word' id='word_1_649' title='bbox 398 4517 432 4571; x_wconf 90' lang='lat' dir='ltr'>et</span> <span class='ocrx_word' id='word_1_650' title='bbox 453 4504 589 4571; x_wconf 90' lang='lat' dir='ltr'>damnat</span> <span class='ocrx_word' id='word_1_651' title='bbox 609 4505 830 4591; x_wconf 83' lang='lat' dir='ltr'>peccatamiu</span> <span class='ocrx_word' id='word_1_652' title='bbox 843 4514 962 4571; x_wconf 90' lang='lat' dir='ltr'>natura</span> <span class='ocrx_word' id='word_1_653' title='bbox 972 4502 1127 4585; x_wconf 88' lang='lat' dir='ltr'>bominis,</span> <span class='ocrx_word' id='word_1_654' title='bbox 1178 4504 1285 4595; x_wconf 71' lang='lat' dir='ltr'>campi.</span> <span class='ocrx_word' id='word_1_655' title='bbox 1319 4501 1414 4567; x_wconf 87' lang='lat' dir='ltr'>Deus</span> <span class='ocrx_word' id='word_1_656' title='bbox 1439 4505 1615 4569; x_wconf 81' lang='lat' dir='ltr'>antevertit</span> <span class='ocrx_word' id='word_1_657' title='bbox 1634 4524 1711 4583; x_wconf 87' lang='lat' dir='ltr'>nos,</span> <span class='ocrx_word' id='word_1_658' title='bbox 1733 4517 1846 4585; x_wconf 83' lang='lat' dir='ltr'>vocat,</span> <span class='ocrx_word' id='word_1_659' title='bbox 1866 4516 1991 4585; x_wconf 87' lang='lat' dir='ltr'>monet,</span> <span class='ocrx_word' id='word_1_660' title='bbox 2014 4507 2166 4591; x_wconf 82' lang='lat' dir='ltr'>adiuvat,</span> 
     </span>
     <span class='ocr_line' id='line_1_49' title="bbox 144 4586 2188 4679; baseline 0.002 -21"><span class='ocrx_word' id='word_1_661' title='bbox 144 4612 213 4659; x_wconf 91' lang='lat' dir='ltr'>uon</span> <span class='ocrx_word' id='word_1_662' title='bbox 235 4590 337 4672; x_wconf 88' lang='lat' dir='ltr'>tollit,</span> <span class='ocrx_word' id='word_1_663' title='bbox 367 4591 453 4658; x_wconf 89' lang='lat' dir='ltr'>sicut</span> <span class='ocrx_word' id='word_1_664' title='bbox 476 4613 540 4658; x_wconf 89' lang='lat' dir='ltr'>nec</span> <span class='ocrx_word' id='word_1_665' title='bbox 562 4602 702 4656; x_wconf 89' lang='lat' dir='ltr'>mortem</span> <span class='ocrx_word' id='word_1_666' title='bbox 724 4586 830 4671; x_wconf 88' lang='lat' dir='ltr'>tollit,</span> <span class='ocrx_word' id='word_1_667' title='bbox 852 4611 915 4656; x_wconf 92' lang='lat' dir='ltr'>nec</span> <span class='ocrx_word' id='word_1_668' title='bbox 936 4601 1049 4677; x_wconf 80' lang='lat' dir='ltr'>petest</span> <span class='ocrx_word' id='word_1_669' title='bbox 1070 4611 1128 4657; x_wconf 89' lang='lat' dir='ltr'>vo-</span> <span class='ocrx_word' id='word_1_670' title='bbox 1180 4591 1240 4655; x_wconf 88' lang='lat' dir='ltr'>sed</span> <span class='ocrx_word' id='word_1_671' title='bbox 1262 4609 1325 4654; x_wconf 91' lang='lat' dir='ltr'>nos</span> <span class='ocrx_word' id='word_1_672' title='bbox 1342 4589 1534 4669; x_wconf 88' lang='lat' dir='ltr'>viderimus,</span> <span class='ocrx_word' id='word_1_673' title='bbox 1566 4610 1609 4655; x_wconf 88' lang='lat' dir='ltr'>ne</span> <span class='ocrx_word' id='word_1_674' title='bbox 1630 4608 1864 4679; x_wconf 76' lang='lat' dir='ltr'>repugnemus.</span> <span class='ocrx_word' id='word_1_675' title='bbox 1909 4589 2052 4658; x_wconf 66' lang='lat' dir='ltr'>mnam</span> <span class='ocrx_word' id='word_1_676' title='bbox 2073 4594 2188 4662; x_wconf 81' lang='lat' dir='ltr'>enitu&#39;</span> 
     </span>
     <span class='ocr_line' id='line_1_50' title="bbox 144 4675 2113 4765; baseline -0.001 -23"><span class='ocrx_word' id='word_1_677' title='bbox 144 4675 257 4745; x_wconf 86' lang='lat' dir='ltr'>luntas</span> <span class='ocrx_word' id='word_1_678' title='bbox 279 4679 397 4744; x_wconf 89' lang='lat' dir='ltr'>mereri</span> <span class='ocrx_word' id='word_1_679' title='bbox 416 4679 644 4744; x_wconf 89' lang='lat' dir='ltr'>remissionem</span> <span class='ocrx_word' id='word_1_680' title='bbox 654 4688 881 4765; x_wconf 89' lang='lat' dir='ltr'>peccatorum,</span> <span class='ocrx_word' id='word_1_681' title='bbox 902 4678 1128 4745; x_wconf 89' lang='lat' dir='ltr'>necreconci·</span> <span class='ocrx_word' id='word_1_682' title='bbox 1178 4687 1352 4763; x_wconf 73' lang='lat' dir='ltr'>pecmtum</span> <span class='ocrx_word' id='word_1_683' title='bbox 1373 4677 1453 4742; x_wconf 88' lang='lat' dir='ltr'>oriri</span> <span class='ocrx_word' id='word_1_684' title='bbox 1475 4697 1496 4741; x_wconf 91' lang='lat' dir='ltr'>a</span> <span class='ocrx_word' id='word_1_685' title='bbox 1517 4678 1627 4758; x_wconf 89' lang='lat' dir='ltr'>nobis,</span> <span class='ocrx_word' id='word_1_686' title='bbox 1649 4698 1717 4744; x_wconf 86' lang='lat' dir='ltr'>non</span> <span class='ocrx_word' id='word_1_687' title='bbox 1738 4698 1759 4743; x_wconf 89' lang='lat' dir='ltr'>u</span> <span class='ocrx_word' id='word_1_688' title='bbox 1777 4675 1947 4744; x_wconf 86' lang='lat' dir='ltr'>voluntate</span> <span class='ocrx_word' id='word_1_689' title='bbox 1968 4677 2044 4743; x_wconf 90' lang='lat' dir='ltr'>Dei.</span> <span class='ocrx_word' id='word_1_690' title='bbox 2106 4730 2113 4741; x_wconf 90' lang='grc'><em>,</em></span> 
     </span>
     <span class='ocr_line' id='line_1_51' title="bbox 144 4759 1128 4851; baseline -0.001 -22"><span class='ocrx_word' id='word_1_691' title='bbox 144 4759 323 4845; x_wconf 88' lang='lat' dir='ltr'>liationem,</span> <span class='ocrx_word' id='word_1_692' title='bbox 346 4784 410 4830; x_wconf 87' lang='lat' dir='ltr'>uec</span> <span class='ocrx_word' id='word_1_693' title='bbox 424 4766 492 4831; x_wconf 87' lang='lat' dir='ltr'>vita</span> <span class='ocrx_word' id='word_1_694' title='bbox 505 4775 710 4830; x_wconf 87' lang='lat' dir='ltr'>maeternam</span> <span class='ocrx_word' id='word_1_695' title='bbox 720 4764 838 4831; x_wconf 87' lang='lat' dir='ltr'>mereri</span> <span class='ocrx_word' id='word_1_696' title='bbox 849 4775 978 4851; x_wconf 77' lang='lat' dir='ltr'>potestr</span> <span class='ocrx_word' id='word_1_697' title='bbox 1000 4764 1061 4829; x_wconf 88' lang='lat' dir='ltr'>sed</span> <span class='ocrx_word' id='word_1_698' title='bbox 1072 4763 1128 4828; x_wconf 84' lang='lat' dir='ltr'>iir-</span> 
     </span>
     <span class='ocr_line' id='line_1_52' title="bbox 145 4846 2165 4936; baseline -0.001 -20"><span class='ocrx_word' id='word_1_699' title='bbox 145 4850 294 4916; x_wconf 77' lang='lat' dir='ltr'>missinae</span> <span class='ocrx_word' id='word_1_700' title='bbox 316 4851 459 4916; x_wconf 89' lang='lat' dir='ltr'>tcnenda</span> <span class='ocrx_word' id='word_1_701' title='bbox 482 4861 535 4916; x_wconf 90' lang='lat' dir='ltr'>est</span> <span class='ocrx_word' id='word_1_702' title='bbox 557 4870 595 4916; x_wconf 87' lang='lat' dir='ltr'>re</span> <span class='ocrx_word' id='word_1_703' title='bbox 694 4850 851 4917; x_wconf 87' lang='lat' dir='ltr'>lobannis</span> <span class='ocrx_word' id='word_1_704' title='bbox 868 4849 901 4916; x_wconf 89' lang='lat' dir='ltr'>S.</span> <span class='ocrx_word' id='word_1_705' title='bbox 946 4849 982 4916; x_wconf 82' lang='lat' dir='ltr'>Si</span> <span class='ocrx_word' id='word_1_706' title='bbox 1002 4871 1066 4916; x_wconf 83' lang='lat' dir='ltr'>vos</span> <span class='ocrx_word' id='word_1_707' title='bbox 1087 4846 1127 4915; x_wconf 88' lang='lat' dir='ltr'>li·</span> <span class='ocrx_word' id='word_1_708' title='bbox 1261 4846 1528 4936; x_wconf 80' lang='lat' dir='ltr'>Obrysostomus</span> <span class='ocrx_word' id='word_1_709' title='bbox 1551 4850 1671 4936; x_wconf 78' lang='lat' dir='ltr'>inquitr</span> <span class='ocrx_word' id='word_1_710' title='bbox 1712 4846 1760 4914; x_wconf 71' lang='grc' dir='ltr'>ἴδ’</span> <span class='ocrx_word' id='word_1_711' title='bbox 1785 4850 1880 4915; x_wconf 76' lang='lat' dir='ltr'>iim</span> <span class='ocrx_word' id='word_1_712' title='bbox 1900 4849 1952 4915; x_wconf 77' lang='lat' dir='ltr'>riv</span> <span class='ocrx_word' id='word_1_713' title='bbox 1980 4850 2165 4936; x_wconf 62' lang='grc' dir='ltr'>βουλίμου,</span> 
     </span>
     <span class='ocr_line' id='line_1_53' title="bbox 145 4932 2163 5017; baseline 0.001 -12"><span class='ocrx_word' id='word_1_714' title='bbox 145 4937 313 5005; x_wconf 84' lang='lat' dir='ltr'>beraverit</span> <span class='ocrx_word' id='word_1_715' title='bbox 335 4935 452 5017; x_wconf 84' lang='lat' dir='ltr'>Filius,</span> <span class='ocrx_word' id='word_1_716' title='bbox 474 4957 554 5003; x_wconf 85' lang='lat' dir='ltr'>vera</span> <span class='ocrx_word' id='word_1_717' title='bbox 575 4934 598 5003; x_wconf 92' lang='lat' dir='ltr'>li</span> <span class='ocrx_word' id='word_1_718' title='bbox 623 4940 672 5003; x_wconf 90' lang='lat' dir='ltr'>eri</span> <span class='ocrx_word' id='word_1_719' title='bbox 693 4937 797 5003; x_wconf 86' lang='lat' dir='ltr'>eritis.</span> <span class='ocrx_word' id='word_1_720' title='bbox 841 4934 884 5002; x_wconf 80' lang='lat' dir='ltr'>lit</span> <span class='ocrx_word' id='word_1_721' title='bbox 907 4933 1001 5002; x_wconf 82' lang='lat' dir='ltr'>Rom.</span> <span class='ocrx_word' id='word_1_722' title='bbox 1021 4936 1053 5001; x_wconf 82' lang='lat'>3.</span> <span class='ocrx_word' id='word_1_723' title='bbox 1074 4935 1128 5003; x_wconf 84' lang='lat' dir='ltr'>Ex</span> <span class='ocrx_word' id='word_1_724' title='bbox 1177 4932 1267 5013; x_wconf 66' lang='grc' dir='ltr'>ἕλκει,</span> <span class='ocrx_word' id='word_1_725' title='bbox 1302 4934 1414 5017; x_wconf 83' lang='lat' dir='ltr'>trabit,</span> <span class='ocrx_word' id='word_1_726' title='bbox 1448 4937 1509 5000; x_wconf 88' lang='lat' dir='ltr'>sed</span> <span class='ocrx_word' id='word_1_727' title='bbox 1531 4933 1696 5002; x_wconf 81' lang='lat' dir='ltr'>volentem</span> <span class='ocrx_word' id='word_1_728' title='bbox 1717 4935 1829 5002; x_wconf 87' lang='lat' dir='ltr'>trabit.</span> <span class='ocrx_word' id='word_1_729' title='bbox 1875 4936 1968 5002; x_wconf 88' lang='lat' dir='ltr'>Sicut</span> <span class='ocrx_word' id='word_1_730' title='bbox 1990 4948 2025 5003; x_wconf 89' lang='lat' dir='ltr'>et</span> <span class='ocrx_word' id='word_1_731' title='bbox 2045 4940 2079 5003; x_wconf 93' lang='lat' dir='ltr'>in</span> <span class='ocrx_word' id='word_1_732' title='bbox 2100 4937 2163 5009; x_wconf 91' lang='lat' dir='ltr'>illo</span> 
     </span>
     <span class='ocr_line' id='line_1_54' title="bbox 17 5018 2165 5174; baseline 0.004 -89"><span class='ocrx_word' id='word_1_733' title='bbox 17 5076 22 5085; x_wconf 88' lang='lat'><em>.</em></span> <span class='ocrx_word' id='word_1_734' title='bbox 147 5022 306 5111; x_wconf 87' lang='lat' dir='ltr'>operibus</span> <span class='ocrx_word' id='word_1_735' title='bbox 316 5020 419 5174; x_wconf 75' lang='lat' dir='ltr'>Legis</span> <span class='ocrx_word' id='word_1_736' title='bbox 441 5043 509 5088; x_wconf 92' lang='lat' dir='ltr'>non</span> <span class='ocrx_word' id='word_1_737' title='bbox 531 5023 763 5091; x_wconf 85' lang='lat' dir='ltr'>iustificabitur</span> <span class='ocrx_word' id='word_1_738' title='bbox 785 5024 892 5090; x_wconf 89' lang='lat' dir='ltr'>omnis</span> <span class='ocrx_word' id='word_1_739' title='bbox 915 5044 994 5091; x_wconf 86' lang='lat' dir='ltr'>caro</span> <span class='ocrx_word' id='word_1_740' title='bbox 1014 5044 1128 5090; x_wconf 81' lang='lat' dir='ltr'>coram</span> <span class='ocrx_word' id='word_1_741' title='bbox 1177 5021 1252 5107; x_wconf 86' lang='lat' dir='ltr'>ipso</span> <span class='ocrx_word' id='word_1_742' title='bbox 1275 5018 1353 5088; x_wconf 89' lang='lat' dir='ltr'>loco</span> <span class='ocrx_word' id='word_1_743' title='bbox 1375 5021 1532 5087; x_wconf 85' lang='lat' dir='ltr'>lobannis</span> <span class='ocrx_word' id='word_1_744' title='bbox 1553 5022 1688 5089; x_wconf 74' lang='lat' dir='ltr'>dicitart</span> <span class='ocrx_word' id='word_1_745' title='bbox 1722 5021 1841 5088; x_wconf 86' lang='lat' dir='ltr'>Omnis</span> <span class='ocrx_word' id='word_1_746' title='bbox 1862 5025 1919 5110; x_wconf 83' lang='lat' dir='ltr'>qul</span> <span class='ocrx_word' id='word_1_747' title='bbox 1940 5024 2035 5091; x_wconf 88' lang='lat' dir='ltr'>audit</span> <span class='ocrx_word' id='word_1_748' title='bbox 2054 5044 2077 5091; x_wconf 82' lang='lat' dir='ltr'>a</span> <span class='ocrx_word' id='word_1_749' title='bbox 2097 5026 2165 5093; x_wconf 84' lang='lat' dir='ltr'>Pa·</span> 
     </span>
     <span class='ocr_line' id='line_1_55' title="bbox 146 5106 2163 5199; baseline 0 -22"><span class='ocrx_word' id='word_1_750' title='bbox 146 5128 201 5193; x_wconf 81' lang='lat' dir='ltr'>eo.</span> <span class='ocrx_word' id='word_1_751' title='bbox 243 5109 344 5189; x_wconf 84' lang='lat' dir='ltr'>ltem,</span> <span class='ocrx_word' id='word_1_752' title='bbox 390 5106 596 5177; x_wconf 81' lang='lat' dir='ltr'>ustificamur</span> <span class='ocrx_word' id='word_1_753' title='bbox 627 5110 731 5199; x_wconf 70' lang='lat' dir='ltr'>gmon</span> <span class='ocrx_word' id='word_1_754' title='bbox 759 5108 828 5177; x_wconf 87' lang='lat' dir='ltr'>lide</span> <span class='ocrx_word' id='word_1_755' title='bbox 847 5129 909 5196; x_wconf 88' lang='lat' dir='ltr'>par</span> <span class='ocrx_word' id='word_1_756' title='bbox 929 5111 1128 5199; x_wconf 82' lang='lat' dir='ltr'>sanguinem</span> <span class='ocrx_word' id='word_1_757' title='bbox 1179 5120 1230 5173; x_wconf 83' lang='lat' dir='ltr'>tre</span> <span class='ocrx_word' id='word_1_758' title='bbox 1251 5119 1285 5174; x_wconf 90' lang='lat' dir='ltr'>et</span> <span class='ocrx_word' id='word_1_759' title='bbox 1304 5109 1415 5188; x_wconf 88' lang='lat' dir='ltr'>discit,</span> <span class='ocrx_word' id='word_1_760' title='bbox 1447 5110 1560 5175; x_wconf 86' lang='lat' dir='ltr'>veniet</span> <span class='ocrx_word' id='word_1_761' title='bbox 1580 5108 1624 5175; x_wconf 91' lang='lat' dir='ltr'>ad</span> <span class='ocrx_word' id='word_1_762' title='bbox 1646 5128 1708 5175; x_wconf 71' lang='lat' dir='ltr'>ma.</span> <span class='ocrx_word' id='word_1_763' title='bbox 1751 5108 1896 5176; x_wconf 87' lang='lat' dir='ltr'>Discere</span> <span class='ocrx_word' id='word_1_764' title='bbox 1916 5111 2019 5199; x_wconf 85' lang='lat' dir='ltr'>iubat,</span> <span class='ocrx_word' id='word_1_765' title='bbox 2039 5112 2074 5178; x_wconf 93' lang='lat' dir='ltr'>id</span> <span class='ocrx_word' id='word_1_766' title='bbox 2095 5120 2163 5195; x_wconf 70' lang='lat' dir='ltr'>est,</span> 
     </span>
    </p>
   </div>
   <div class='ocr_carea' id='block_1_5' title="bbox 0 0 2318 5588">
    <p class='ocr_par' dir='ltr' id='par_1_6' title="bbox 0 0 2318 5588">
     <span class='ocr_line' id='line_1_56' title="bbox 0 0 2318 5588; baseline 0 0"><span class='ocrx_word' id='word_1_767' title='bbox 0 0 2318 5588; x_wconf 95' lang='lat' dir='ltr'> </span> 
     </span>
    </p>
   </div>
   <div class='ocr_carea' id='block_1_6' title="bbox 464 5522 563 5552">
    <p class='ocr_par' dir='ltr' id='par_1_7' title="bbox 464 5522 563 5552">
     <span class='ocr_line' id='line_1_57' title="bbox 464 5522 563 5552; baseline 0 0"><span class='ocrx_word' id='word_1_768' title='bbox 464 5522 563 5552; x_wconf 53' lang='lat' dir='ltr'>A</span> 
     </span>
    </p>
   </div>
  </div>
 </body>
</html>
