4628 5588
169 163 236 231 tta

103 426 106 437 ,
171 354 266 419 cuins
288 353 488 441 agnitionem
510 352 620 418 onmia
640 350 800 418 miracala
820 350 912 419 iacta
932 358 1021 423 subt.
1073 354 1150 419 Ideo

169 459 234 506 nos
255 438 321 503 iam
343 439 374 502 in
387 456 476 521 novo
493 436 719 518 Testamenta,
740 440 906 504 mentione
928 436 1000 505 Filii
1025 439 1150 506 discer-

170 526 279 593 nlmus
313 545 426 590 verum
459 522 568 591 Deum
590 527 633 590 ab
656 526 808 591 omnibus
831 527 1069 592 commenticiis
1092 547 1151 592 nu·

171 612 327 689 minibus,
382 613 429 688 ui,
448 631 487 675 se
509 608 666 697 patefecit
692 613 797 678 misso
819 612 903 679 Filio
925 611 1070 680 Domino
1091 635 1151 680 no·

169 710 242 765 stro
264 696 340 762 lesu
359 633 511 776 ibristo,
534 696 694 765 crucifixo
713 710 746 763 et
768 700 981 779 resuscitato,
999 710 1034 763 et
1055 720 1150 765 aece-

170 787 279 852 dimus
301 782 421 849 fiducia
444 782 540 849 huius
563 784 768 862 mediatoris,
791 787 878 849 sicut
899 787 971 869 ipse
984 786 1082 851 docet
1104 787 1151 851 in·

195 872 309 937 uieust
339 870 445 935 Nemo
471 870 569 936 'venit
600 871 643 935 ad
675 871 820 949 Patrem,
852 872 915 936 nisi
940 892 1001 956 per
1022 870 1151 937 Filium.

187 973 264 1037 tem,
285 956 349 1029 Qui
371 978 425 1022 me
445 958 546 1036 videt,
564 958 656 1023 videt
677 968 710 1022 et
730 957 876 1023 Patrem.
927 957 1030 1037 item,
1051 958 1151 1031 Quic-

171 1045 249 1132 quid
271 1044 431 1129 petieritis
463 1041 598 1108 Patrem
624 1046 657 1109 in
680 1044 813 1109 nomine
833 1065 907 1113 meo
930 1046 1021 1112 dubit
1043 1046 1151 1110 vobis.

257 1214 351 1281 Haec
373 1217 479 1299 prima
500 1216 650 1281 doctrina
674 1227 726 1280 est
742 1217 837 1300 primi
861 1218 1043 1301 praecepti,
1075 1218 1151 1303 quis

170 1300 462 1475 pqqlpqqqqucus,
485 1312 519 1367 et
541 1302 706 1387 quomodo
729 1304 964 1391 agnoscendus
986 1307 1030 1368 sit
1053 1315 1087 1368 et
1105 1302 1152 1369 al-

259 1542 413 1610 Secunda
435 1543 588 1608 doetrirm
610 1544 729 1608 estde
751 1539 905 1626 cultibus,
934 1544 990 1629 qui
1020 1544 1053 1608 in
1085 1542 1153 1609 hoc

115 1680 118 1685 .
170 1641 351 1714 praecepto
374 1630 787 1714 deseribuntur‚'quisunt
800 1630 1041 1695 veraethrma
1060 1632 1152 1717 agni·

172 1718 218 1781 tio
236 1715 313 1794 Dei,
335 1727 368 1780 et
393 1716 529 1780 credere
552 1712 627 1780 Deo
649 1716 721 1779 sinc
744 1716 1012 1794 dubitationibus,
1036 1727 1067 1781 et
1079 1738 1152 1801 per·

171 1798 527 1887 fecte.eum'dlligere.
594 1800 762 1885 Praecipit
783 1802 872 1867 enim
896 1800 966 1866 Lex
989 1802 1151 1889 integram

173 1889 391 1953 obedientiam
415 1889 505 1952 iusta
527 1886 665 1952 dictum:
688 1885 819 1974 Diligas
843 1887 1020 1954 Dominum
1042 1887 1152 1954 Deum

174 1985 264 2038 tuum
285 1996 327 2038 ex
350 1985 420 2038 toto
444 1972 546 2038 cordo
568 1984 637 2053 tuo,
661 1984 694 2038 et
716 1995 757 2049 ex
779 1986 850 2038 tota
872 1986 995 2052 mente,
1018 1985 1051 2041 et
1072 1976 1151 2040 totis

173 2061 299 2126 viribus
317 2072 379 2125 etc.
425 2057 640 2125 Manifestum
663 2072 713 2124 est
736 2071 847 2124 autern
868 2059 1018 2125 homines
1040 2063 1072 2125 in
1086 2061 1150 2126 hae

174 2146 260 2211 tristi
291 2146 452 2233 pravitate
486 2157 624 2211 naturae
655 2144 775 2231 plenos
810 2166 887 2211 esse
910 2148 1149 2212 dubitationum

173 2234 215 2299 de
235 2230 323 2311 Deo,
358 2243 391 2297 et
418 2232 460 2297 de
481 2233 700 2317 providentia,
733 2245 767 2297 et
787 2236 928 2298 s‘ecuros
950 2253 1017 2297 non
1037 2235 1151 2298 timere

172 2318 324 2405 iudicium
341 2316 418 2398 Dei,
436 2331 556 2405 postea
578 2338 658 2386 vero
680 2321 714 2383 in
735 2338 844 2405 poena
861 2319 962 2383 irasci
985 2332 1018 2383 et
1033 2316 1151 2384 freme-

169 2424 208 2469 re
229 2405 391 2470 adversus
414 2404 534 2485 bearn,
557 2426 626 2470 non
647 2407 764 2471 ardere
788 2403 965 2470 dilectione
981 2402 1058 2485 Dat,
1082 2407 1150 2472 Sie-

66 2497 70 2501 '
168 2503 205 2556 ut
228 2489 354 2558 Paulus
382 2492 503 2577 iuquit:
533 2490 662 2557 Sensus
692 2491 803 2557 carnis
830 2492 997 2563 inimicitia
1020 2504 1073 2559 est
1093 2494 1150 2557 ad-

169 2597 290 2643 versus
312 2575 433 2643 Deum.
498 2575 707 2643 Damnantur
736 2596 817 2663 ergo
840 2577 907 2643 hoc
924 2578 1030 2664 primo
1053 2598 1149 2664 prae·

170 2676 268 2751 cepto
302 2684 419 2729 omnes
457 2662 610 2731 homines
642 2666 675 2728 in
709 2664 773 2730 hae
807 2665 989 2749 depravata
1016 2677 1148 2744 natura,

169 2761 307 2837 propter
327 2752 497 2830 tenebraS,
519 2763 553 2814 et
572 2749 776 2814 horrendam
798 2751 1008 2814 aversionem
1030 2749 1149 2829 aDeo,

169 2857 255 2925 quae
277 2848 315 2902 ut
335 2834 446 2923 aliquo
468 2837 569 2901 modo
588 2837 837 2914 consideretur,
865 2835 1070 2921 aspiciantur
1090 2835 1149 2901 hu·

167 2925 256 2989 mani
277 2920 421 3003 furores,
443 2924 498 3010 qui
521 2924 674 2988 omnibus
695 2924 900 3007 temporibus
928 2920 995 2985 hoc
1012 2933 1149 3007 praece·

167 3023 259 3095 ptum
288 3006 465 3076 manifesta
497 3010 636 3075 audacia
656 3006 798 3087 violant,
831 3007 987 3074 videlieet
995 3006 1096 3073 ’ἄθεοι
1117 3018 1151 3093 pt

170 3116 286 3162 ornnes
308 3098 454 3180 superbi,
478 3098 601 3175 securi,
622 3106 656 3161 et
677 3092 796 3160 leviter
817 3108 973 3160 curantes
994 3095 1148 3160 iudicium

166 3178 245 3247 Dei.
309 3186 387 3248 item
408 3180 576 3249 Haeretici
597 3180 731 3247 infinitis
766 3203 862 3247 corru
889 3180 964 3257 telis
992 3179 1147 3247 ludentes

113 3326 122 3335 .,
169 3268 210 3335 de
230 3266 318 3343 Deo,
335 3266 458 3349 ludaei,
480 3268 744 3347 lilahometistae,
779 3279 812 3333 et
839 3204 907 3348 alii,
942 3270 997 3354 qui
1020 3272 1149 3355 lingunt

168 3352 377 3440 corruptelas
400 3354 581 3420 doetrinae.
625 3353 705 3419 ltem
728 3351 952 3430 idololatriae,
979 3376 1066 3441 quae
1089 3354 1148 3419 fin·-

169 3454 250 3531 gunt
283 3439 377 3506 Deos
407 3453 440 3506 et
473 3437 581 3507 cultus
606 3453 723 3506 contra
749 3442 904 3506 mandata
925 3439 1001 3505 Dei.
1067 3441 1148 3507 ltem

168 3530 222 3615 qui
244 3528 402 3593 invocant
430 3527 581 3594 homines
602 3539 763 3595 mortuos
799 3527 879 3591 ltem
902 3525 992 3613 hlagi
1012 3530 1068 3614 qui
1091 3548 1146 3611 pa-

168 3626 222 3680 cta
243 3635 318 3679 eum
341 3612 495 3680 Diabolis
515 3612 648 3680 fuciunt.
694 3614 773 3679 ltem
792 3634 908 3678 ontnes
938 3615 1048 3699 quiin
1071 3634 1148 3699 pce·

168 3700 221 3766 nis
253 3700 443 3767 irascuntur
470 3699 559 3779 Deo,
594 3714 650 3767 aut
674 3701 823 3767 dubitant
846 3700 887 3764 de
908 3700 1146 3778 misericordia,

159 3807 234 3873 =non
257 3784 451 3875 confugiunt
473 3789 516 3851 ad
539 3785 659 3867 Deum,
692 3798 791 3851 raum
814 3787 846 3851 in
878 3788 1152 3871 desperationem,

167 3885 201 3939 et
221 3884 390 3939 aeternum
413 3874 523 3939 odium
546 3873 622 3940 Dei.
687 3871 815 3937 Talium
838 3884 1050 3956 peecatorum
1072 3892 1147 3939 curn

165 3962 308 4026 murtdus
348 3956 470 4045 plenus
508 3961 571 4040 sit,
614 3980 840 4046 agnoscamus
874 3971 905 4023 et
936 3956 1147 4045 deploremus

164 4045 254 4115 hane
275 4058 398 4112 tantam
416 4047 582 4111 miseriam
604 4047 737 4132 generis
759 4046 905 4111 humani.

253 4234 410 4322 Sequitur
426 4248 536 4305 autem
558 4236 655 4302 tertia
678 4236 841 4315 doctrina,
863 4232 946 4299 Cum
968 4237 1032 4300 iam
1054 4234 1148 4301 intel-

167 4317 312 4407 ligamus
335 4342 398 4387 nos
422 4321 570 4386 damnari
592 4321 657 4386 hac
680 4321 784 4409 Lege,
808 4323 960 4407 quaestio
984 4333 1048 4400 est,
1067 4344 1148 4408 quo·

166 4408 266 4473 modo
289 4405 469 4475 liberemur
490 4411 532 4474 ab
555 4408 620 4474 hae
643 4409 853 4473 tlanrnatione
876 4406 990 4493 Legis,
1012 4420 1047 4473 et
1068 4429 1147 4493 quo.-

167 4496 268 4558 modo
290 4496 482 4560 restituatur
504 4498 536 4560 in
560 4495 655 4559 uobis
680 4495 888 4562 obedientia?
911 4495 988 4579 quia
1006 4515 1147 4560 neeesse

168 4593 221 4644 est
250 4592 358 4646 tamen
389 4579 536 4645 inchoari
565 4582 785 4646 obedientiam
807 4581 839 4644 in
858 4579 923 4644 hac
944 4582 1031 4660 vita,
1059 4582 1147 4646 sieut

166 4663 331 4733 Dominus
364 4669 485 4754 inquit:
523 4668 557 4731 Si
588 4667 640 4732 vis
673 4666 706 4730 in
740 4667 840 4730 vitam
872 4667 1018 4752 ingredi,
1047 4687 1147 4733 serva

89 4778 94 4787 ·
166 4753 331 4819 mandata.
356 4754 446 4834 ltetn,
468 4753 539 4818 Nisi
551 4752 767 4818 abundaverit
790 4764 903 4817 vestra
924 4754 1049 4818 iustitia
1069 4752 1147 4837 plus

795 161 840 228 v.
881 119 1146 231 nxrucamo
1168 162 1370 233 svuaour
1390 162 1551 279 arceat.-

1186 4149 1376 4226 turanum,
1401 4143 1606 4224 liberantem,
1629 4143 1773 4212 laetatur
1790 4146 1822 4209 in
1846 4143 1932 4209 Deo.

1198 4233 1322 4320 percipi
1340 4243 1494 4317 possunt,
1514 4246 1546 4297 et
1565 4232 1889 4317 e'crnprehenduntur
1911 4232 1942 4293 in
1956 4231 2062 4294 dicto:
2087 4228 2183 4293 lusti·
2200 4264 2207 4285 ·.
2283 4252 2286 4259 ·

2118 170 2200 273 ut

1287 352 1433 419 Primum
1465 355 1565 439 igitur
1577 394 1581 407 ·
1594 376 1671 421 eum
1690 355 1726 433 in
1745 376 1828 420 vera
1848 358 2051 442 poenitentia
2072 356 2184 445 aliquo

1201 438 1300 505 motio
1322 440 1538 526 agnoscimus
1561 453 1679 507 nostra
1699 454 1859 527 peccata,
1885 440 2116 530 confugiamus
2140 446 2184 513 ad

1200 524 1429 606 hlediatarem,
1452 539 1485 591 et
1507 529 1682 596 credamus
1707 529 1804 595 nobis
1825 531 1945 593 remitti
1968 544 2108 615 peccate
2125 552 2186 605 nor

1201 624 1283 693 stra,
1305 633 1368 678 nos
1393 614 1493 697 recipi
1516 623 1551 677 et
1572 617 1718 699 reputari
1741 618 1847 680 iustos
1864 630 2002 763 propter
2013 638 2100 695 eunt,
2121 622 2186 687 sc'!

1201 700 1273 763 eius
1296 699 1525 765 obedientiam.
1567 700 1641 767 lloe
1663 724 1738 766 eum
1761 702 1808 779 lit,
1829 701 1868 766 Ft
1883 703 1933 767 ius
1952 703 2017 767 Dei
2035 724 2115 769 vere
2132 715 2186 769 est

1202 782 1323 851 efficax
1345 788 1376 850 in
1400 787 1512 865 nobis,
1533 798 1570 852 ut
1592 807 1652 871 per
1674 808 1791 853 vocem
1814 787 1988 875 Evangelii
2007 809 2185 857 cernamus

1201 892 1316 936 verum
1339 869 1460 950 Deum,
1482 875 1596 957 agnita
1618 874 1688 938 eius
1711 875 1956 952 misericordia,
1986 876 2043 961 qui
2064 896 2185 941 conso-
2278 888 2283 895 '

1200 954 1289 1022 latur
1311 978 1373 1022 nos
1397 958 1520 1042 Spiritu
1543 978 1605 1022 suo
1629 972 1757 1037 sancto,
1781 962 1835 1045 qui
1849 962 2000 1024 accendit
2017 959 2103 1026 tales
2116 983 2186 1027 mo·
2261 1030 2268 1039 ,

1200 1054 1266 1121 tuS,
1289 1042 1395 1128 qualis
1418 1057 1469 1108 est
1490 1045 1576 1128 ipse,
1599 1044 1727 1110 scilicet
1749 1043 1906 1111 laetitiam
1929 1048 1960 1111 in
1973 1045 2061 1124 Deo,
2085 1060 2117 1112 et
2139 1048 2186 1113 di·
2238 1081 2241 1085 ·

1201 1128 1378 1194 lectionem
1398 1130 1472 1208 Dei,
1520 1153 1560 1194 ua
1584 1133 1758 1217 incipimus
1789 1152 1851 1196 nos
1874 1134 1904 1198 ei
1927 1135 2112 1211 subiicere,
2136 1135 2185 1200 iu·
2237 1128 2240 1135 ’

1201 1229 1260 1280 xta
1292 1216 1429 1280 dictutus
1463 1152 1638 1282 Effundam
1672 1238 1774 1303 super
1796 1220 1928 1283 domum
1951 1216 2061 1284 David
2084 1221 2186 1305 Spiri-

1203 1314 1269 1366 tum
1293 1306 1419 1387 gratiue
1443 1316 1476 1367 et
1497 1326 1643 1388 precum.
1710 1304 1758 1368 lta
1781 1304 1818 1369 fit
1838 1303 2005 1370 inchoatio
2029 1307 2185 1370 obedien-

1201 1390 1267 1452 tiae
1285 1409 1346 1472 per
1368 1389 1492 1467 Fidem,
1516 1392 1630 1476 agnito
1653 1389 1819 1470 Filio,·et
1847 1392 2004 1455 inchoata
2028 1392 2186 1465 obedien·

1202 1473 1258 1553 tia,
1290 1495 1478 1559 quanquam
1512 1474 1629 1560 procul
1662 1480 1759 1541 abest
1791 1500 1812 1541 a
1837 1474 2044 1563 perfectione
2067 1476 2116 1545 Le
2141 1480 2185 1559 is,
2226 1550 2233 1560 ,

1201 1557 1313 1643 placet
1334 1576 1442 1626 tamen
1466 1578 1604 1647 propter
1626 1561 1855 1640 hlediatorem,
1878 1565 1912 1627 in
1933 1563 2004 1641 his,
2037 1564 2093 1650 qui
2118 1500 2186 1631 hdo

1203 1644 1408 1712 reconciliati
1437 1660 1526 1724 sunt,
1560 1663 1597 1713 ut
1614 1671 1677 1713 suo
1699 1646 1776 1714 loco
1797 1651 1967 1734 copiosius
1986 1650 2105 1729 dicam,
2127 1664 2178 1716 at·

1202 1753 1275 1817 que·
1290 1735 1344 1799 hic
1366 1735 1527 1799 immensa
1548 1736 1777 1799 misericordia
1798 1735 1862 1799 Dei
1885 1737 2070 1820 cogitetur,
2093 1737 2186 1822 quod

1202 1817 1290 1883 hanc
1322 1819 1511 1885 inchoatam
1544 1822 1764 1887 obedientiam
1798 1823 1963 1906 exiguam,
1985 1823 2184 1903 mendicam,

1202 1907 1371 1970 sordidam
1393 1908 1579 1992 recipitpet
1600 1920 1697 1972 ornat
1720 1919 1811 1972 tanto
1832 1908 1975 1985 honore,
1998 1921 2036 1972 ut
2056 1904 2185 1973 sacrifi·-

1204 1992 1256 2056 cia
1277 1995 1433 2073 nominet,
1456 2006 1488 2058 et
1509 1996 1656 2059 sciamus
1678 1992 1744 2060 hoc
1768 1992 1839 2059 fieri
1862 2006 2001 2080 propter
2022 1994 2209 2059 Mediato-

1201 2100 1283 2158 rem,
1305 2076 1432 2164 qui'sie
1454 2094 1623 2163 precatur:
1647 2079 1759 2147 lohan,
1785 2081 1835 2144 1⁷.
1901 2080 1952 2145 stt
1973 2082 2007 2145 in
2030 2082 2080 2145 eis
2103 2078 2185 2149 dile·

1201 2166 1280 2315 qqqo,
1304 2185 1370 2250 qua
1390 2186 1444 2231 me
1465 2163 1588 2252 diligis.
1653 2164 1759 2252 Ephe.
1785 2166 1813 2232 l.
1868 2172 1988 2234 Sumus
2019 2164 2130 2233 dilecti
2150 2168 2186 2239 ta

1225 2253 1335 2316 ‘ecto
1793 2296 1796 2301 ·

1288 2474 1413 2547 Quarta
1445 2476 1607 2547 doctrina.
1657 2473 1741 2540 Gum
1773 2494 1917 2541 neeesse
1951 2476 1994 2539 sit
2029 2473 2184 2541 inchoari

1200 2560 1432 2641 obedientiam,
1457 2564 1737 2647 cogitemusquae
1755 2563 1936 2644 operasiut
1957 2562 2075 2646 prima,
2099 2581 2186 2649 quae
2289 2558 2294 2565 ’

1200 2648 1341 2711 maxime
1362 2667 1466 2711 sensu
1489 2649 1616 2733 percipi
1638 2660 1793 2732 possunt.

1287 2833 1458 2899 Summum
1480 2845 1531 2899 est
1553 2854 1637 2918 opus
1661 2829 1805 2913 dilectio,
1839 2854 1926 2919 quae
1948 2834 1997 2896 sic
2026 2832 2191 2926 flagrabit·

1199 2923 1233 2987 in
1254 2932 1391 2985 aeterna
1414 2923 1501 2999 vita,
1530 2933 1566 2986 ut
1588 2921 1822 2985 ardentissimo
1845 2939 1950 2985 sensu
1972 2940 2045 2983 eam
2068 2940 2184 3005 perce·

1198 3007 1287 3097 pturi
1308 3008 1423 3074 simus,
1446 3006 1544 3072 Nunc
1564 3007 1669 3092 magis
1688 3006 1914 3089 percipiuntur
1925 3006 2073 3085 notitiae,
2085 3004 2184 3084 fides,

1199 3097 1298 3161 timor
1320 3105 1354 3159 et
1371 3094 1494 3159 fiducia
1515 3093 1772 3171 misericordiae,
1795 3090 1918 3156 laetitia
1936 3093 1969 3156 in
1991 3088 2079 3171 Deo,
2102 3108 2184 3179 spe-s

1201 3193 1233 3247 et
1267 3182 1436 3266 patientia,
1469 3201 1555 3267 quae
1585 3192 1637 3245 est
1668 3176 1757 3246 velle
1779 3180 1915 3245 obedire
1937 3177 2011 3244 Deo
2039 3180 2071 3244 in
2100 3174 2185 3245 tole·-

1199 3269 1313 3333 randis
1336 3269 1502 3345 adversis,
1524 3268 1616 3332 iusta
1638 3269 1792 3331 mandata
1810 3268 1881 3355 eius
1905 3263 1994 3331 velle
2015 3267 2082 3351 pati
2105 3264 2184 3347 cort·

1199 3368 1352 3432 temtum,
1386 3355 1440 3418 ino
1464 3355 1541 3434 iant,
1565 3350 1674 3431 exilia,
1708 3354 1863 3430 morbos,
1896 3349 2073 3437 supplicia,
2095 3370 2183 3415 mor·

1198 3452 1264 3505 tem
1286 3460 1348 3526 pro
1372 3452 1423 3504 ter
1468 3460 1555 3519 eum,
1577 3440 1664 3503 etin
1686 3439 1739 3503 his
1761 3436 1858 3504 malis
1879 3449 1991 3503 tamen
2007 3438 2090 3522 erigi
2101 3436 2181 3517 lide,

1198 3548 1270 3613 spe,
1300 3536 1333 3590 et
1349 3462 1480 3590 laetitia
1501 3527 1534 3589 iu
1557 3523 1643 3590 Deo.

1282 3712 1396 3780 David
1418 3712 1484 3778 fide
1506 3714 1611 3778 cernit
1633 3710 1894 3778 misericordiam
1905 3709 1969 3776 Dei
1980 3694 2182 3798 promissam

1222 3814 1335 3887 ropter
1367 3798 1596 3879 blettiatorem,
1631 3811 1664 3863 et
1696 3800 1850 3884 agnoscit
1871 3819 1910 3862 se
1933 3796 2009 3863 Deo
2031 3796 2182 3887 reconci}

1198 3826 1312 3953 lictum
1334 3908 1424 3966 esse,
1446 3898 1479 3951 et
1500 3885 1609 3950 Deum
1632 3906 1712 3951 vere
1733 3887 1856 3950 adesse
1877 3882 1943 3964 illi,
1976 3895 2011 3950 et
2032 3885 2183 3971 mitigato

1199 3972 1431 4050 calamitatem,
1454 3993 1515 4056 spe
1539 3984 1692 4057 expectat
1712 3970 1960 4052 liberationem,
1996 3981 2030 4035 et
2051 3973 2228 4035 intueus’-
2268 3976 2271 3981 “

1198 4061 1284 4126 haee
1307 4062 1396 4125 bona
1414 4061 1565 4139 obieeta,
1598 4058 1707 4123 Deum
1729 4058 1924 4144 propitium,
1956 4068 2181 4207 ppaesentem,

1994 4164 2055 4210 aec
2077 4162 2183 4207 sensu

1199 4320 1288 4385 ficati
1311 4318 1375 4383 lide
1396 4340 1513 4404 pacem
1536 4318 1710 4399 habemus,
1733 4330 1765 4382 et
1786 4316 1872 4380 haec
1893 4316 2104 4401 laetitiaque
2125 4334 2182 4379 ac·

1223 4406 1400 4472 uieseiurus
1434 4407 1466 4469 in
1499 4403 1587 4483 Deo,
1621 4418 1672 4470 est
1705 4400 1852 4470 scintilla
1885 4400 2071 4467 dilectionis
2103 4399 2180 4475 Dei.

1198 4429 1282 4558 hum
1305 4494 1404 4579 igitur
1426 4492 1611 4577 cogitamus
1634 4492 1677 4555 de
1699 4488 1910 4555 inchoatione
1931 4488 2026 4573 primi
2043 4506 2182 4575 praece·

1197 4581 1257 4665 pti,
1278 4580 1312 4645 in
1334 4578 1433 4644 nobis
1451 4576 1514 4642 hos
1537 4589 1645 4643 motus
1669 4576 1929 4642 consideremus.
2172 4586 2175 4593 '

1284 4749 1407 4824 Quinta
1428 4750 1591 4815 doctrina.
1610 4749 1763 4816 Sciamus
1785 4747 1852 4811 hoc
1874 4764 2018 4834 quoque,
2039 4746 2181 4832 primum

167 4858 267 4924 quarn
290 4839 486 4905 Scribarum
507 4854 539 4905 et
564 4838 831 4917 Pharisaeorum,
853 4860 919 4903 uon
936 4842 1076 4925 potestis
1098 4840 1146 4903 in·
1197 4849 1410 4924 praeceptum
1443 4837 1569 4901 initium
1605 4856 1681 4899 esse
1719 4835 1927 4899 obedientiae
1969 4833 2002 4897 in
2036 4834 2181 4897 caeteris

166 4925 260 5028 gredi
283 4926 315 4990 in
339 4948 476 5013 regnum
499 4923 677 4993 coelorum.
712 4923 928 5010 despondeo,
951 4946 993 4991 ne
1016 4927 1147 5014 quidem
1197 4924 1398 5010 praeceptis,
1431 4935 1464 4989 et
1496 4920 1618 4987 includi
1652 4922 1718 4986 ho:
1751 4921 1889 5005 primum
1913 4931 2123 5004 praeceptum
2145 4920 2180 4983 in

165 5009 316 5077 inchoari
337 5024 451 5098 potest
471 5012 542 5077 Lex
565 5013 638 5076 sine
658 5012 826 5099 agnitione
847 5006 918 5075 Filii
942 5009 1025 5090 Dei,
1060 5014 1147 5078 sicut
1198 5012 1363 5087 omnibus,
1382 5020 1415 5074 et
1437 5009 1657 5074 obedientiam
1678 5009 1711 5072 in
1736 5008 1878 5073 caeteris
1895 5004 2103 5071 referendam
2125 5025 2179 5071 cs·

166 5096 288 5165 dictum
310 5112 376 5178 est,
396 5097 469 5165 Lex
491 5099 569 5167 dicit
590 5099 815 5167 testimonium
836 5100 879 5165 de
899 5095 982 5165 tttto
1003 5098 1081 5167 Dei.
1199 5120 1238 5165 se
1270 5098 1315 5163 ad
1347 5094 1469 5177 Deum,
1502 5094 1596 5161 iuxta
1627 5094 1769 5182 primum
1801 5103 2027 5181 praeceptum,
2050 5085 2182 5191 sedicet
2226 5094 2230 5105 “
