4628 5588
77 134 82 139 .
140 136 184 203 π
267 148 270 154 ,

291 328 375 412 ΑΙ)
406 326 672 412 SPIRITUM
703 324 987 412 SANCTUM

131 529 132 533 ’
226 512 304 598 Ago
337 511 395 576 tibi
429 511 556 597 gratias
594 513 818 595 omnipotens,
858 529 978 588 verax,
1019 521 1123 587 caste,

140 596 166 664 S
203 598 324 662 iritus
346 608 514 675 sancte,
536 597 723 680 procedens
746 598 788 661 ab
811 606 948 660 aeterno
969 595 1068 661 Patre
1090 608 1124 661 et

139 620 241 762 Filio,
264 682 409 749 Domino
432 695 550 746 nostro
575 681 650 746 lesu
673 680 826 761 Christo,
850 680 955 746 effuse
976 684 1009 746 in
1032 682 1122 768 Apo·

140 768 260 849 stolas,
284 771 375 855 qrrod
399 766 577 833 confirmas
597 768 699 833 corda
714 779 844 846 nostra,
866 779 902 831 ut
918 766 1053 832 linuiter
1070 788 1123 832 as-
1176 788 1194 820 ι’

144 859 329 921 sentiantur
349 857 454 921 verbo
477 855 553 933 Dei,
570 867 609 919 et
628 853 735 919 flectis
755 874 796 917 ea
813 855 857 918 ad
879 854 1122 919 invocationem

140 940 217 1018 Dei,
242 941 338 1004 etad
361 961 477 1008 omnes
499 953 607 1017 motus
630 938 697 1027 legi
722 941 854 1004 divinae
885 951 1122 1023 congruentes,
1173 993 1195 1037 a
1212 969 1372 1037 Diabolffi

141 1038 176 1092 at
196 1025 357 1091 laetificas
379 1048 437 1104 ea,
466 1037 503 1091 ut
523 1027 741 1176 aeguiescant
770 1027 804 1089 in
827 1024 924 1103 Deo,
952 1036 1066 1108 petant
1088 1037 1122 1089 et

46 1170 49 1174 .
140 1124 315 1197 expectent
343 1114 452 1178 omnia
485 1114 648 1178 benecia
676 1111 753 1176 Dei.
796 1110 870 1175 Das
904 1111 1002 1176 etiam
1033 1112 1123 1176 hona

141 1200 274 1284 corpori
292 1199 496 1276 necessaria,
514 1210 578 1263 etc.

99 1485 104 1492 ⁶
143 1492 336 1599 QUARE
380 1489 979 1696 ΕΟΟΕἙὲΒΒΙῧΟΙῖΠΒΙΜΤΑ
1023 1490 1123 1576 EST

94 1902 102 1927 r
207 1787 281 1921 'De
312 1836 441 1920 causis
471 1835 765 1939 calamitatum,
797 1847 840 1917 ct
870 1835 923 1917 de
953 1832 1050 1916 locis

280 1993 289 2013 ¹
356 2027 359 2033 .
465 1957 795 2039 consolationum.

227 2138 311 2205 Cum
320 2135 413 2203 nulla
430 2134 572 2201 visibilis
588 2148 708 2201 natura
726 2139 768 2200 sit
784 2135 1009 2221 praestantior
1026 2154 1126 2220 quam

8 2230 12 2243 '
59 2301 67 2312 ,
140 2226 302 2303 humana,
330 2226 503 2308 sapientes
537 2242 653 2287 omnes
686 2233 868 2307 quaerunt,
895 2222 984 2285 unde
1004 2224 1048 2284 sit
1068 2217 1125 2285 illa

140 2332 263 2397 magua
284 2308 392 2375 moles
415 2328 577 2386 errorum,
602 2310 767 2385 vitiomm,
790 2318 823 2373 ct
845 2306 1068 2372 calamitatum
1091 2308 1124 2370 in

141 2410 208 2464 tam
240 2398 423 2481 praestanti
450 2407 583 2459 natura.
632 2395 774 2468 Quoties
806 2412 922 2458 omnes
955 2394 1124 2476 sapientes

27 2540 31 2545 .
143 2484 310 2548 errantia
334 2478 505 2546 consiliis?
543 2480 650 2553 Quam
672 2476 771 2545 facile
793 2491 898 2544 ruunt·
914 2481 946 2543 in
970 2477 1124 2545 scelera?

140 2566 274 2634 Deinde
294 2569 383 2632 unde
405 2578 484 2632 sunt.
505 2564 619 2648 Mors,
642 2568 751 2631 morbi
774 2576 807 2630 et
835 2565 1023 2630 horrendae
1046 2584 1125 2629 cou-

40 2718 45 2733 ,
141 2655 292 2721 fusiones
314 2655 348 2718 iu
371 2655 450 2732 vita,
471 2649 572 2734 bella,
595 2664 628 2718 et
642 2654 800 2718 assiduae
819 2649 1125 2716 vastationes·ch-

142 2739 245 2808 tium?
287 2739 331 2804 Et
352 2759 455 2825 qnare
476 2740 555 2805 iusti
577 2742 620 2804 ab
643 2739 773 2805 iniustis
796 2736 1048 2822 opprimuntur?

229 2892 505 2979 Philosophia
547 2895 643 2975 dicit,
686 2892 791 2959 multa
834 2912 919 2957 casu
960 2890 1124 2967 accidere.

142 2979 316 3054 Quaedam
347 2980 473 3045 latetur
504 2979 631 3045 habere
665 3000 787 3046 causas
819 2975 951 3043 fatales.
995 2975 1126 3042 Deinde

108 3093 113 3105 ¹
143 3062 263 3130 Mortis
297 3078 331 3130 et
359 3069 550 3132 morborum
573 3086 695 3132 causas
726 3066 806 3131 dicit
834 3084 912 3129 esse
936 3061 1124 3127 Materiam.

144 3151 275 3217 Causas
296 3163 409 3218 autem
429 3148 593 3217 scelerum
621 3153 703 3216 dicit
731 3171 809 3216 essa
834 3149 1039 3216 voluntatem
1067 3147 1125 3214 hu·

142 3258 284 3305 manam.

230 3390 299 3456 Sed
321 3391 352 3454 si
373 3410 534 3476 quaeras,
564 3391 652 3455 unde
673 3391 706 3455 in
727 3391 865 3455 materia
885 3387 1069 3467 hominum,
1092 3400 1127 3452 et

71 3506 78 3515 ·
143 3478 177 3541 in
196 3475 421 3541 voluntatibus
438 3477 606 3540 hominum
624 3487 717 3540 tanta
734 3477 777 3540 sit
793 3474 978 3552 infirmitas,
1000 3472 1125 3538 sontem

141 3560 262 3627 horum
284 3559 446 3626 malorum
468 3582 533 3626 non
557 3573 731 3626 monstrat.
776 3561 843 3626 Sed
872 3558 1071 3647 principales
1095 3572 1127 3625 et

144 3669 244 3713 veras
268 3668 390 3712 causas
413 3647 507 3713 Deus
531 3648 563 3713 iu
586 3645 740 3713 Ecclesia
760 3644 927 3730 patefecit,
950 3657 982 3711 at
1004 3648 1125 3712 doctri·

143 3753 261 3798 narum
289 3730 423 3800 collatio
453 3735 616 3812 ostendit,
642 3731 818 3798 Ecclesiae
845 3734 1029 3797 doctrinam
1051 3752 1125 3817 per-

23 3881 26 3885 .
136 3814 315 3883 'festiorem
336 3839 424 3898 esse,
443 3840 529 3903 quae
552 3832 586 3882 et
605 3821 730 3905 primas
754 3839 877 3885 causas
889 3816 1146 3898 calamitatum·

145 3914 178 3969 et
199 3902 311 3968 firmas
334 3902 581 3969 consolationes
600 3918 781 3983 monstrat,
809 3907 941 3991 ignotas
971 3903 1124 3969 Philoso-

144 3990 252 4077 phiae.
281 3989 323 4054 Et
345 3986 497 4055 efficacia
518 3993 552 4053 in
576 3991 861 4056 consolationibus
885 3991 1039 4070 ostendit,
1061 3990 1124 4054 Ec·

145 4075 269 4142 clasiae
299 4076 481 4142 doctrinam
504 4098 525 4140 a
547 4075 621 4140 Deo
644 4078 796 4141 traditam
819 4097 915 4157 esse,
946 4077 1023 4162 quia
1043 4075 1125 4141 libe-

76 4215 80 4222 .
104 4226 113 4239 x
143 4163 291 4229 rationes
309 4174 386 4227 sunt
408 4163 595 4228 testimonia
615 4165 825 4246 praesentiae
847 4163 920 4230 Dei.

145 4457 261 4561 Quae
285 4472 347 4542 est
371 4489 492 4543 causa
513 4459 715 4562 vitiorum,
746 4472 980 4564 erratorum,
1011 4459 1124 4544 Mor-

143 4578 207 4683 tis,
238 4591 281 4660 et
310 4581 476 4663 aliarum
506 4581 757 4664 miseriarum
786 4580 829 4662 in
857 4591 947 4662 toto
974 4609 1124 4692 genere

527 4700 733 4783 humano?

230 4877 341 4943 Prima
363 4890 395 4944 et
415 4877 616 4947 universalis
638 4900 745 4947 causa
764 4892 818 4946 est
842 4880 949 4947 Pecca
985 4902 1018 4947 m
1045 4880 1124 4946 hae·

144 4985 225 5033 rens
241 4966 276 5030 in
294 4974 430 5043 natura,
452 4968 541 5031 iuxta
563 4969 699 5033 dictum:
728 4964 795 5033 Per
820 4978 995 5052 peccatum
1017 4965 1124 5043 Mors.

772 131 886 231 rau.
905 130 1012 245 unu
1033 128 1223 201 scarum
1239 112 1525 203 uosuanua.
1639 132 1642 137 ⁴

2114 135 2158 203 ts

1176 331 1209 386 et
1237 319 1271 384 in
1295 317 1465 385 voluntate
1496 318 1629 387 scelera
1648 331 1769 407 sponte
1790 318 1920 402 electa,
1942 343 2027 408 quae
2054 335 2156 389 attra·

1174 404 1257 471 huut
1279 405 1468 493 singulares
1488 425 1628 491 poenas.

1262 540 1380 608 Altera
1402 564 1506 609 causa
1528 554 1581 607 est
1605 539 1791 622 Diabolus,
1816 545 1872 629 qui
1892 543 2032 628 impellit
2051 544 2156 611 homi·

1174 649 1236 694 nes
1258 629 1336 693 odio
1359 627 1423 694 Dei
1447 630 1489 693 ad
1511 627 1685 694 horribilia
1706 627 1854 707 scelera,
1882 643 1917 695 et
1939 643 2040 716 auget
2067 629 2156 696 cala·
2192 626 2216 654 ⁵
2251 710 2255 715 ι

1174 717 1307 780 mitates
1329 716 1432 779 variis
1454 716 1574 795 modis,
1591 715 1683 780 iuxta
1704 708 1807 780 dicta:
1832 715 1956 781 Ponam
1968 718 2156 783 inimicitias

1175 814 1260 866 rnter
1281 821 1395 865 semen
1418 798 1575 880 mulieris,
1599 812 1631 865 et
1654 814 1854 884 serpentem.
1898 802 1994 866 item:
2016 807 2156 868 Satanas

1174 888 1308 952 intravit
1328 888 1364 949 iu
1386 906 1470 951 cum.
1505 885 1561 964 Ut,
1585 885 1668 953 Cain
1691 887 1813 951 occidit
1834 885 1972 953 fratrem
1993 886 2156 972 impulsus

1261 1107 1330 1174 Sed
1351 1109 1407 1173 hio
1429 1128 1545 1172 mrsus
1564 1110 1748 1194 quaeritur:
1771 1092 1883 1183 Quare
1903 1082 2056 1174 Ecclesia
2064 1077 2157 1175 'sub-

1174 1194 1261 1259 iacta
1290 1206 1341 1259 est
1373 1189 1563 1282 ingentibus
1592 1196 1752 1275 miseriis,
1786 1216 1861 1260 cum
1894 1196 1938 1259 sit
1964 1195 2072 1261 iusta?
2114 1192 2157 1261 Et

1176 1281 1331 1346 obiicitur·
1352 1280 1419 1345 hoc
1441 1292 1679 1365 argumentum.

1234 1441 1397 1522 Iustis
1435 1441 1562 1524 debet
1591 1443 1697 1523 bene
1730 1470 1835 1544 esse,
1880 1441 1996 1523 iuxta
2034 1441 2096 1523 di-

1296 1573 1426 1642 ctum:
1459 1559 1539 1662 Qui
1570 1559 1711 1642 iecerit
1741 1590 1801 1664 ea,
1832 1560 1946 1643 vivet
1965 1561 2007 1644 in
2028 1562 2095 1642 eis.

1235 1678 1464 1762 Ecclesia
1496 1692 1558 1762 est
1588 1680 1703 1762 iusta.

1191 1884 1196 1896 ,
1236 1800 1344 1911 Ergo
1375 1800 1552 1883 Ecclesia
1583 1801 1710 1885 debet
1747 1829 1834 1883 esse
1873 1800 1960 1883 sine
1990 1799 2097 1882 cala-

1297 1921 1518 2003 mitatibus
2101 1936 2107 1951 '

1263 2099 1465 2186 Respondes
1488 2103 1627 2186 primum
1651 2103 1694 2166 ad
1716 2099 1889 2166 Minorem.
1931 2098 2086 2167 Ecclesia
2105 2098 2160 2167 est

1178 2188 1275 2265 insta,
1297 2186 1438 2266 scilicet,
1460 2189 1672 2273 imputatione
1696 2199 1728 2251 et
1749 2188 1971 2266 inchoatione,
1995 2189 2056 2251 sed
2079 2186 2159 2252 haa-

1176 2283 1229 2337 ret
1255 2271 1365 2337 adhuc
1397 2274 1431 2337 in
1464 2294 1503 2338 ea
1525 2288 1709 2358 peccatum.
1754 2272 1836 2338 Vult
1864 2285 1973 2338 autem
1994 2273 2088 2338 Deus
2110 2275 2159 2339 iu·

1178 2361 1298 2437 stitiam
1332 2381 1428 2423 suam
1461 2372 1494 2423 et
1516 2362 1599 2423 iram
1621 2362 1784 2424 adversus
1813 2372 1952 2444 peccata
1980 2361 2160 2445 praecipue

1176 2448 1210 2511 in
1232 2443 1387 2510 Ecclesia
1405 2446 1558 2530 agnosci,
1581 2457 1615 2509 et
1632 2445 1704 2512 vult
1726 2448 1838 2531 quaeri
1861 2447 2050 2510 remedium.
2081 2445 2158 2510 ldeo

1177 2533 1283 2617 magis
1311 2532 1470 2616 premitur
1491 2530 1657 2612 Ecclesia,
1680 2534 1770 2596 iuxta
1792 2533 1927 2596 dictum:
1962 2531 2160 2596 iudicium

1177 2639 1198 2681 a
1221 2621 1338 2682 domo
1361 2616 1435 2683 Dei
1462 2619 1625 2703 incipit.
1669 2618 1764 2682 ltem:
1793 2616 1881 2683 Dedi
1910 2615 2066 2683 dilectam
2091 2618 2160 2684 ani·

1177 2725 1263 2768 mam
1285 2723 1392 2768 meam
1413 2705 1447 2769 in
1469 2706 1610 2769 medium
1631 2705 1836 2769 inimicorum
1857 2723 2016 2769 meorum.

1267 2838 1372 2905 Simul
1394 2851 1505 2905 autem
1533 2837 1661 2904 revelat
1688 2839 1782 2905 Deus
1805 2843 1838 2904 iu
1859 2837 2043 2926 Evangelio
2072 2836 2160 2903 iutu-

1177 2947 1249 2992 ram
1271 2924 1498 2992 liberationem
1526 2926 1699 3010 integram.
1720 2980 1723 2984 .
1745 2926 1823 2992 ldeo
1844 2938 1963 3010 postca
1991 2927 2033 2990 ad
2056 2925 2160 2991 hlaio·

1179 3014 1526 3096 remrespondeudum
1543 3023 1609 3076 est:
1632 3012 1756 3077 lustis
1779 3014 1906 3076 debet
1928 3014 2031 3076 bene
2053 3030 2184 3090 esse„

1177 3097 1327 3177 scilicet,
1359 3100 1450 3163 iuxta
1474 3094 1707 3164 revelationem
1729 3097 1924 3184 Evangelii,
1955 3119 2032 3163 curn
2061 3110 2159 3163 crunt
2252 3158 2255 3163 ,

1177 3205 1317 3269 prorsus
1340 3184 1470 3249 liberati
1492 3205 1513 3248 a
1534 3196 1686 3269 peccato,
1709 3206 1777 3250 nun
1801 3196 1927 3248 tantum
1943 3185 2158 3267 imputatione
2274 3228 2283 3241 ι

1090 3289 1093 3292 ·
1179 3281 1212 3335 et
1233 3270 1455 3344 inchoatione,
1478 3271 1540 3335 sed
1555 3274 1845 3336 'consummatione
1865 3270 2032 3335 novitatis.

1264 3405 1396 3471 Causae
1429 3418 1538 3471 autem
1570 3407 1750 3491 praecipue
1782 3417 1861 3470 sunt
1893 3417 1988 3485 octo,
2021 3417 2159 3491 propter

1179 3512 1262 3578 quas
1284 3490 1440 3558 Ecclesia
1463 3495 1577 3557 durius
1599 3496 1773 3576 premitur,
1807 3513 1904 3577 quam
1927 3489 2057 3577 reliqua
2078 3513 2158 3576 pars

1178 3580 1309 3664 generis
1341 3577 1487 3657 humani,
1520 3580 1608 3644 sicut
1643 3579 1766 3645 dictum
1797 3589 1867 3642 est:
1899 3577 2102 3647 Iudicium
2136 3599 2159 3645 a

1178 3666 1297 3729 domo
1318 3663 1393 3729 Dei
1414 3666 1579 3749 incipit.
1774 3684 1776 3688 ’

1224 3797 1229 3800 ”
1263 3800 1287 3863 l.
1331 3799 1442 3864 Prima
1465 3811 1641 3865 causaest
1667 3799 1844 3865 Peccatum
1864 3799 2008 3864 haerens
2038 3801 2069 3864 in
2098 3821 2157 3865 na·

1177 3899 1268 3962 tura,
1302 3886 1488 3970 quodcum
1513 3897 1701 3950 contemnat
1722 3887 1884 3964 Mundus,
1915 3883 2010 3951 Deus
2038 3889 2071 3951 iu
2093 3885 2158 3953 Ec·

1178 3969 1281 4037 alesia
1301 3968 1372 4036 vult
1394 3972 1543 4055 conspici
1573 3972 1655 4035 iram
1687 3991 1784 4035 suam
1805 3973 1980 4051 adversus,
2001 3973 2159 4054 interiora

1178 4070 1211 4123 et
1232 4058 1402 4122 exteriora
1429 4068 1580 4141 peccata.
1624 4057 1667 4121 Et
1692 4068 1730 4121 ut
1756 4077 1830 4122 eam
1853 4079 2096 4144 agnoscamus,
2124 4068 2159 4124 et

1078 4176 1093 4198 ο
1177 4163 1240 4207 uos
1262 4143 1475 4207 subiiciamus
1498 4144 1619 4207 iudicio
1642 4165 1718 4223 suo,
1740 4141 1994 4210 commonefacit
2016 4165 2078 4208 nos
2101 4165 2158 4210 va·

1176 4232 1235 4295 riis
1252 4230 1373 4306 modis,
1396 4229 1484 4292 iuxta
1502 4229 1638 4293 dictum:
1662 4227 1779 4293 Filium
1797 4250 1894 4313 quem
1916 4227 2032 4314 diligit,
2056 4231 2159 4295 corn

1200 4317 1234 4382 it.
1279 4315 1376 4382 ltem:
1410 4314 1573 4380 lnnocens
1601 4335 1668 4379 noo
1697 4318 1758 4380 erit
1785 4316 1946 4380 innocens
1976 4335 2090 4379 coram
2112 4328 2157 4380 tet

1176 4338 1218 4467 Et
1235 4403 1292 4466 lob
1315 4401 1449 4479 latetur,
1472 4421 1511 4465 se
1530 4421 1641 4465 coram
1654 4400 1727 4467 Deo
1745 4402 1899 4465 iniustum
1918 4421 2007 4479 esse,
2029 4402 2158 4466 etiamsi

1177 4488 1393 4553 afflictionum
1408 4506 1542 4550 suarum
1554 4507 1621 4551 non
1635 4489 1703 4551 sint
1716 4506 1841 4554 causae
1858 4484 2001 4551 actualia
2014 4483 2156 4569 scelera,

1176 4575 1265 4640 sicut
1282 4575 1378 4638 amici
1399 4574 1578 4656 disputant.

1262 4714 1297 4776 il.
1343 4708 1500 4774 Secunda
1521 4704 1715 4775 causaest:
1745 4707 1831 4780 Quia
1851 4704 2019 4772 Diabolus
2048 4709 2157 4794 magis

1176 4797 1244 4862 odit
1262 4793 1513 4874 Ecclesiam,
1536 4816 1633 4880 quam
1656 4791 1752 4859 alios.
1798 4793 1940 4858 Genesis
1952 4794 1984 4858 2.
2030 4794 2158 4860 Ponam

1175 4883 1360 4947 inimicitias
1382 4883 1467 4947 inter
1484 4902 1599 4948 semen
1621 4877 1767 4946 mulieris
1788 4891 1821 4944 et
1841 4891 2042 4964 serpentem.
2076 4879 2157 4945 ltein

1175 4970 1208 5033 in
1232 4968 1307 5034 lob:
1324 4966 1489 5037 Diabolus
1511 4969 1603 5033 stetit
1622 4967 1708 5033 inter
1728 4963 1817 5033 filios
1827 4962 1907 5046 Dei,
1929 4978 1962 5030 et
1983 4966 2158 5037 insidiatur

144 5046 187 5117 Et
207 5050 371 5118 accedunt
392 5052 512 5119 deindo
538 5055 573 5121 iu
596 5050 654 5120 tui
685 5053 810 5122 vitiosa
833 5064 955 5121 natura
977 5072 1125 5133 aarum
1174 5054 1313 5123 sanctia
1413 5154 1418 5165 ι
