4628 5588
97 206 101 218 -
150 170 219 239 mo
742 130 751 187 ²
785 164 899 235 ram.
921 163 1028 235 um
1049 164 1241 235 somma
1256 160 1535 234 morenos
2095 166 2169 235 aaa
2298 172 2307 181 ·

152 361 316 449 Loquitur
349 368 459 426 textus
491 378 560 424 nou
582 358 624 424 de
646 358 812 437 essentia,
844 357 907 422 aed
935 356 986 422 de
1009 352 1135 422 officio.
1188 348 1266 422 dum
1287 366 1340 421 est
1360 358 1588 445 adamandae
1607 353 1774 423 voeabula
1793 354 1983 444 significent
2002 366 2169 438 natum,

85 464 96 477 ⁸
153 446 349 516 Nominibus
372 459 482 512 autern
504 441 612 524 cilicii¹
627 457 720 510 recte
742 445 874 510 additur
887 445 1026 508 verbum
1044 445 1136 522 fecit,
1188 462 1274 528 qnae
1295 463 1488 528 personam,
1509 455 1546 510 ut
1565 454 1658 510 reete
1679 444 1811 521 dieitur,
1832 441 1917 525 λόγος
1932 443 2094 513 assumsit
2107 440 2177 511 lui

132 537 245 623 'quod
267 532 446 619 significat,
467 528 573 599 libera
594 527 765 598 voluntate
788 530 953 596 ordinavit
973 549 1036 596 seu
1056 550 1137 595 ooa-
1187 541 1317 593 menam
1339 540 1502 611 naturam,
1518 549 1587 594 non
1609 531 1882 609 dicitur'usitate,
1902 527 1988 611 λόγος
2010 530 2170 606 assumsit

26 624 29 629 ’
154 623 272 688 stituit:
306 619 401 685 Sicut
423 619 527 684 verbo
550 617 774 683 constituendi
797 617 897 683 utimr
925 613 1083 681 Psalmua
1104 616 1135 682 2.
1187 614 1353 680 hominem
1385 617 1465 697 (etsi
1496 616 1561 681 hac
1584 617 1701 701 phrasi
1734 617 1835 682 utitur
1855 627 1953 682 vetur
1984 613 2196 682 cantilenas.

154 705 230 796 ligo
251 718 363 772 autem
382 705 538 771 constitui
559 718 592 770 te
614 703 741 790 Regem
762 724 882 784 meum,
903 723 965 768 seu
986 703 1137 768 ordinavi
1188 715 1409 787 suscepturus
1436 700 1618 781 homiuem)
1645 723 1723 768 uam
1745 702 1847 767 homo
1867 712 1924 768 est
1944 722 2068 768 nomen
2088 704 2169 769 iute-

155 804 249 860 certo
271 794 346 857 ritu.
409 789 522 864 Quare
544 804 578 856 et
595 791 713 856 Pctms
735 791 770 854 in
791 790 887 855 Actis
909 790 960 854 sic
976 786 1138 875 loquitur:
1187 807 1271 876 grae
1291 808 1476 874 personam
1498 789 1560 854 sed
1581 800 1734 854 naturam
1749 786 1939 855 lamen.

52 938 57 943 .
155 878 252 946 Sciat
274 878 383 943 omnis
406 878 524 942 domus
546 876 664 956 lsrael,
687 877 776 962 quod
800 875 977 941 Dominum
1000 888 1033 939 et
1045 873 1139 940 Chri·
2019 872 2025 885 “
2088 939 2090 943 ,

155 976 245 1031 atam
266 985 342 1029 eum
363 962 444 1028 iecit
465 961 574 1043 Deus,
595 965 652 1029 ubi
674 977 708 1028 et
722 982 845 1028 nomen
858 961 1014 1027 Christus
1036 958 1138 1026 officii
1275 958 1359 1027 Cum
1382 960 1534 1041 dicimus,
1554 960 1641 1044 λόγος
1650 960 1810 1028 assumsit
1820 957 1996 1026 humanam
2006 971 2172 1040 actuum,

92 1060 96 1083 ¹
155 1047 336 1140 appellatio
358 1061 423 1115 est.
1188 1045 1356 1134 significat
1377 1058 1545 1126 naturam,
1566 1069 1655 1134 quae
1678 1056 1885 1114 sustentatur
1905 1048 1938 1111 ia
1959 1046 2088 1133 «lirina,
2119 1048 2191 1112 sio·

257 1191 259 1194 ,
1188 1147 1225 1198 ιιι
1247 1135 1291 1197 sit
1311 1153 1378 1198 una
1398 1153 1545 1217 persona
1565 1132 1669 1217 λόγος,
1698 1144 1732 1199 et
1759 1143 1880 1198 namra
1905 1131 2061 1200 bumana.
2105 1131 2172 1200 lie·

242 1222 296 1288 Ac
317 1217 495 1307 diligenter
516 1220 750 1286 considerandi
766 1232 845 1286 sunt
859 1220 950 1286 modi
967 1217 1136 1306 loquendi,
1187 1221 1275 1285 iacta
1297 1229 1349 1283 cst
1370 1230 1403 1284 et
1424 1217 1483 1284 illa
1494 1222 1696 1306 propositio:
1720 1218 1874 1285 Christus
1893 1230 1946 1284 est
1965 1220 2172 1307 compositus

156 1309 213 1376 ubi
233 1311 278 1375 de
299 1308 446 1374 essentia
468 1308 615 1385 dicatur,¹
638 1309 695 1377 ubi
717 1306 761 1372 de
783 1303 916 1387 oliicio,
943 1307 998 1372 ubi
1016 1327 1138 1391 propo·
1189 1325 1252 1372 seu
1273 1306 1491 1390 compositum
1513 1328 1556 1371 ex
1576 1317 1695 1372 natura
1710 1303 1855 1371 humana
1872 1316 1905 1371 et
1922 1306 2045 1371 diviua.
2079 1304 2173 1371 llaec

158 1396 411 1461 altionesverae
429 1395 496 1458 sint
508 1394 807 1460 communicatione
826 1392 1029 1470 idiomatum,
1052 1412 1139 1479 quae
1189 1392 1369 1458 admonitio
1390 1393 1433 1457 de
1454 1393 1635 1497 phrasibus
1656 1393 1798 1479 pertinet
1819 1394 1863 1458 ad
1884 1388 1963 1471 hoc,
1984 1412 2052 1457 non
2069 1404 2108 1459 ιιι
2124 1393 2174 1458 in·

157 1495 314 1569 receptae
336 1481 414 1560 sint,
435 1500 524 1566 quae
543 1500 613 1545 noa
634 1484 702 1546 sint
722 1491 889 1565 receptae.
958 1550 962 1558 ,
1018 1542 1021 1547 ,
1075 1534 1079 1541 ,
1189 1477 1300 1545 {irritas
1322 1475 1554 1544 cavillationes
1575 1498 1745 1559 seramus,
1770 1478 1859 1544 siout
1880 1479 2118 1564 quaesiverunt
2139 1480 2174 1544 in

874 1570 877 1577 ’
1191 1563 1256 1631 hac
1277 1565 1417 1631 materia
1437 1562 1531 1631 multi
1553 1566 1681 1632 otiosas
1702 1564 1963 1651 propositiones,
1984 1574 2021 1629 et
2041 1564 2173 1652 aliquas

137 1727 142 1735 ,
243 1651 394 1719 Usitetaa
415 1663 450 1718 et
477 1672 557 1718 rece
655 1664 733 1718 sunt
753 1649 818 1718 hae
837 1673 900 1738 pro
946 1652 1085 1717 sitiones
1107 1652 1141 1716 in
1191 1671 1371 1718 recensere
1394 1650 1546 1736 όόςφγμογ
1573 1664 1645 1725 est,
1673 1651 1735 1718 sed
1756 1652 1947 1718 verecunde
1970 1661 2102 1717 utamur
2121 1671 2174 1716 re·

157 1736 325 1818 Ecclesia,
348 1737 365 1803 ὃ
385 1738 469 1822 λόγος
490 1752 543 1804 est
588 1759 661 1818 eus,
685 1737 702 1803 i
723 1738 809 1820 λόγος
830 1755 883 1805 est
900 1673 1014 1805 bbmo.
1047 1735 1141 1803 chrr-
1193 1739 1298 1822 eeptis
1320 1739 1605 1823 propositionibus
1628 1739 1813 1804 etvitemus
1834 1738 1990 1820 reiectas,
2014 1739 2093 1824 quia
2112 1738 2176 1803 do·

61 1855 66 1863 ·
158 1838 233 1891 stus
255 1837 310 1891 est
331 1825 445 1904 Deus,
479 1823 634 1891 Christus
662 1824 852 1890 esthemo.
895 1826 989 1892 llaec
1017 1827 1142 1891 reiecta
1193 1827 1237 1890 cti
1269 1826 1304 1889 iu
1335 1822 1491 1890 Ecclesia
1521 1827 1627 1890 veteri
1678 1821 1850 1909 letumque
1885 1824 2022 1889 eruditis
2062 1825 2176 1889 causis
2260 1851 2267 1863 ·

158 1922 211 1979 est
232 1923 266 1978 et
287 1909 540 1996 prorsusfalsa,
563 1911 580 1976 ό
591 1911 679 1993 λόγος
701 1923 754 1978 est
771 1923 937 1990 creatura,
959 1912 1035 1997 quia
1048 1931 1141 1977 crea·
1191 1910 1271 1977 moti
1292 1921 1382 1989 sunt,
1404 1932 1509 1996 quare
1530 1909 1616 1977 alias
1637 1847 1782 1996 phrases
1803 1911 1992 1990 reiecerint,
2012 1907 2099 1976 alias
2121 1920 2175 1976 re·

158 2008 235 2066 tura
256 1995 449 2085 intelligitur
470 2018 534 2064 res>
549 1996 638 2064 sacta
660 2019 702 2063 ex
724 1996 839 2064 nihilo.
882 1998 925 2064 Et
953 1998 1139 2084 propositio
1191 1998 1348 2087 ceperint
2015 2003 2020 2007 '

157 2086 282 2150 reiecta
303 2095 372 2151 est:
403 2083 557 2150 Christus
579 2094 632 2151 est
653 2095 806 2150 creatura
832 2096 970 2170 propter
990 2085 1140 2150 insidias·
1220 2149 1223 2152 ,
2214 2159 2220 2164 ,

158 2170 246 2244 Quia
266 2170 383 2236 Ariani
411 2191 486 2236 eam
517 2171 913 2255 sicinterpretabantur,
936 2181 973 2237 ut
995 2170 1142 2236 dicerent
1192 2176 1197 2192 '
1278 2169 1445 2235 luterdum
1473 2170 1603 2256 peperit
1631 2170 1811 2235 certamina
1842 2180 1877 2235 et
1906 2165 2094 2258 linguarum
2125 2169 2176 2235 in·

158 2256 209 2321 uh
239 2257 324 2341 λόγον
353 2258 452 2321 ctiam
483 2259 631 2322 nondum
663 2254 808 2322 humana
840 2269 959 2322 natura
991 2268 1142 2322 assumta
1192 2256 1308 2335 scitia,
1340 2267 1377 2321 ut
1404 2257 1446 2322 de
1467 2256 1783 2343 praedestinatione,
1806 2253 1972 2322 Christus
1994 2266 2047 2322 est
2070 2277 2177 2406 prae·

159 2351 454 2421 creaturamesse,
475 2343 509 2407 id
530 2354 596 2421 est,
618 2360 680 2406 seu
696 2362 815 2407 vocem
837 2355 983 2409 creatam
1006 2345 1142 2408 missam
1193 2342 1381 2409 destinatus
1403 2361 1483 2408 esse
1503 2341 1607 2407 Filius
1629 2342 1705 2408 Dei.
1752 2340 1837 2407 Rom
1861 2343 1891 2407 1.
1913 2341 1977 2408 llic
2005 2343 2040 2407 iu
2097 2339 2176 2407 aulo

102 2503 103 2506 Ἴ
159 2429 204 2496 etl
232 2425 432 2507 Ecclesiam,
464 2448 527 2494 seu
558 2447 738 2514 porsonam
771 2441 916 2495 creatam
947 2450 991 2494 ex
1018 2426 1141 2508 nihilo,
1191 2449 1261 2494 non
1282 2428 1402 2493 dicitur
1434 2429 1477 2493 de
1498 2441 1637 2494 aeterna
1665 2426 1828 2494 electione
1855 2429 1889 2495 in
1911 2427 2004 2510 Deo,
2039 2428 2101 2495 sed
2134 2429 2177 2494 de

158 2514 296 2582 missam
318 2517 362 2580 ad
382 2511 583 2581 Ecclesiam.
628 2514 825 2601 Quanquam
847 2517 934 2581 enim
956 2515 1072 2581 Ariani
1094 2516 1142 2580 vi·
1193 2516 1363 2604 agnitione
1395 2535 1456 2587 seu
1489 2512 1759 2580 manifestatione
1791 2515 1880 2600 apud
1921 2513 2090 2594 homines,
2134 2516 2178 2581 de

159 2601 232 2667 deri
263 2598 442 2667 voluerunt
473 2598 563 2667 aliud
596 2601 739 2681 sentire,
778 2621 877 2688 quam
900 2601 1142 2669 samosatenus
1191 2598 1258 2666 bac
1279 2612 1349 2666 tota
1368 2620 1518 2687 persona
1538 2599 1665 2667 Christi
1683 2600 1759 2666 Deo
1788 2600 1994 2683 ethomme,
2016 2602 2107 2689 quod
2129 2603 2179 2668 vi·

144 2687 276 2767 sarmit,
298 2699 412 2752 maren
434 2688 586 2753 existimo
604 2708 665 2753 eos
683 2688 770 2753 idem
781 2686 949 2764 voluisse,
972 2688 1035 2754 sed
1045 2708 1141 2774 prae·
1194 2685 1316 2753 delicet
1337 2700 1432 2753 carto
1455 2689 1624 2774 cognitum
1645 2689 1702 2766 sit,
1722 2683 1813 2754 buno
1835 2685 2003 2754 Christum
2024 2708 2103 2754 esse
2125 2687 2180 2754 Fi·

159 2774 269 2862 atigiis
291 2775 469 2839 verborum
492 2772 653 2839 offudisse
665 2770 792 2860 populo
814 2772 1001 2862 caliginem.
1193 2771 1273 2840 lium
1294 2773 1378 2861 Dei,
1411 2776 1490 2861 quia
1516 2774 1701 2840 resurrexit
1722 2793 1764 2838 ex
1785 2776 1941 2855 mortuis,
1964 2785 1998 2848 et
2018 2772 2103 2840 alios
2125 2794 2179 2839 re·

350 2926 356 2943 ,
1194 2861 1381 2927 suscitavit.
1435 2861 1512 2927 Non
1544 2858 1689 2946 loquitur
1720 2857 1846 2928 Paulus
1878 2861 1922 2926 de
1949 2858 2116 2926 ‘electione
2143 2861 2180 2926 in
2209 2860 2214 2869 '

246 2944 458 3013 Posteriores
480 2946 677 3011 addiderunt
692 2956 843 3013 veterum
865 2948 1143 3034 disputationibus
1194 2945 1291 3027 Deo,
1319 2948 1380 3012 sed
1404 2948 1446 3013 de
1469 2947 1671 3028 testimonio,
1693 2967 1760 3033 quo
1781 2968 1846 3012 nos
1869 2948 2114 3027 convincimur,
2142 2958 2181 3013 ut

160 3052 268 3098 novas
291 3044 325 3098 et
346 3034 503 3115 spinosas
519 3030 764 3112 cavillationes,
786 3053 871 3119 quas
888 3053 1029 3118 prorsus
1039 3034 1144 3100 omitti
1195 3054 1277 3100 vere
1298 3045 1485 3099 statuamus
1506 3033 1540 3098 in
1562 3035 1629 3098 hoc
1652 3031 1756 3114 Filio,
1784 3054 1851 3098 non
1874 3045 2000 3099 tantum
2022 3055 2100 3099 esse
2121 3053 2181 3098 na·

158 3130 297 3206 propter
327 3119 574 3204 ambiguitatem
603 3119 710 3183 satius
742 3130 813 3199 est,
847 3141 924 3185 cum
944 3139 1001 3184 res
1023 3121 1144 3207 exponi
1195 3129 1303 3184 turam
1324 3119 1515 3199 humanam,
1537 3121 1599 3185 sed
1620 3121 1720 3187 etium
1742 3120 1888 3187 divinam
1909 3121 1996 3185 omni
2022 3132 2180 3186 otentem.

158 3199 234 3270 aliis
257 3205 371 3270 verbis
394 3205 570 3290 perspicue
591 3206 712 3290 possit.
1194 3204 1376 3291 Dis-potant
1401 3217 1512 3271 autem
1540 3207 1582 3271 de
1609 3204 1670 3272 illa
1689 3208 1918 3293 propositione
1939 3224 1977 3271 sc
2007 3219 2123 3292 ptores
2138 3205 2182 3272 *in

1194 3288 1252 3356 lib.
1276 3290 1307 3356 3.
1340 3292 1557 3378 Longobardi
1584 3293 1740 3360 distincti.
1765 3291 1816 3358 10.
1840 3304 1873 3359 et
1894 3306 2058 3380 quaerunt
2079 3292 2181 3379 inter·

246 3374 341 3442 llaec
373 3397 435 3463 pro
460 3376 558 3442 ositio
594 3397 617 3442 a
648 3377 895 3443 commentariis
928 3375 1145 3465 Langobardi
1194 3379 1418 3465 pretationem,
1441 3398 1484 3443 ne
1505 3380 1556 3444 ah'
1571 3380 1693 3445 usitata
1710 3380 1869 3445 versione
1890 3381 2060 3446 recedant.
2104 3378 2180 3444 Nos

160 3462 292 3551 reiecta¹
308 3474 373 3529 est
447 3462 592 3543 hristus,
615 3465 826 3549 inquantum
847 3462 960 3542 homo,
990 3476 1145 3533 creatura
1197 3466 1331 3532 omissis
1353 3462 1419 3530 illis
1440 3462 1662 3554 labyrinthis,
1690 3467 1889 3534 retineamus
1917 3468 2063 3534 nativam
2085 3462 2182 3532 Pauli

161 3562 225 3616 est.
270 3548 347 3615 Alia
379 3571 479 3629 vero,
512 3569 599 3635 qnae
630 3571 698 3615 non
731 3548 836 3616 multo
859 3548 955 3617 aliter
975 3563 1093 3632 sonat,
1124 3574 1145 3617 a
1196 3552 1403 3617 sententiam.

161 3633 331 3702 nonnullis
355 3647 490 3722 recepta
512 3648 574 3716 est,
586 3634 740 3701 Christus
762 3638 945 3702 secundum
967 3635 1145 3704 humanam

75 3800 79 3805 .
160 3733 313 3787 naturam
335 3734 488 3787 creatura
510 3735 574 3788 est.
618 3723 712 3788 llaec
733 3721 866 3788 exilitas
889 3725 1145 3811 disputationum
1229 3794 1232 3800 ,
1283 3722 1329 3789 Ut
1350 3737 1459 3789 eutem
1481 3743 1584 3809 saepe
1599 3725 1712 3790 monui
1731 3746 1845 3811 supra,
1867 3721 2043 3814 diligenter
2054 3724 2183 3791 discer-
2300 3794 2303 3798 ,

160 3803 319 3893 fugienda
341 3819 409 3888 cst,
440 3809 636 3893 praesertim
665 3829 740 3873 cum
767 3830 823 3874 res
845 3805 941 3874 aliter
968 3812 1145 3896 perspicae
1196 3811 1306 3877 nenda
1328 3829 1407 3876 esse
1429 3811 1530 3889 dicta,
1553 3830 1640 3897 quae
1659 3808 1840 3899 loquuntur
1861 3813 1905 3878 de
1926 3814 2075 3878 essentia
2095 3830 2117 3876 a
2134 3811 2183 3877 di·

162 3892 228 3957 dici
254 3894 403 3978 possint,
437 3891 591 3960 videlicet
623 3897 657 3961 in
684 3892 820 3961 Christo
841 3909 921 3961 uato
950 3917 994 3963 ex
1015 3899 1146 3984 virgine
1198 3899 1260 3964 ctis
1283 3898 1326 3962 de
1348 3894 1487 3962 officiisz
1520 3896 1570 3962 lta
1592 3898 1838 3964 consideranda
1859 3911 1913 3964 est
1940 3910 2058 3964 natura
2079 3917 2184 3963 voca·

160 3989 240 4044 sunt
261 3979 346 4044 duae
368 3990 518 4059 naturae,
539 3980 627 4062 λόγος
642 3993 676 4046 et
694 3994 812 4048 natura
830 3979 973 4048 humana
985 3994 1145 4049 assumta.
1196 3980 1362 4049 bulorum.
1404 3982 1456 4047 Ex
1484 3980 1550 4049 hoc
1580 3984 1667 4050 (licto
1694 3985 1737 4050 ad
1761 3984 1949 4051 llehraeos:
1983 3983 2079 4050 Deus
2100 3980 2185 4050 lecit

161 4068 311 4130 ΛΟΓΟΣ
341 4076 395 4132 est
427 4085 572 4151 persona
604 4066 765 4150 όμοοόοιος
787 4067 879 4135 Patri
899 4083 934 4135 et
967 4083 1147 4136 coaeterna
1196 4069 1364 4136 Christum
1386 4071 1596 4135 sacerdotem
1618 4090 1798 4152 summum,
1826 4069 1942 4137 Ariani
1962 4070 2029 4137 hoc
2051 4080 2184 4137 extrue·

161 4148 273 4232 Patri,
306 4173 374 4219 non
397 4163 523 4232 creata,
555 4154 617 4218 sed
639 4154 751 4240 genita
777 4157 821 4222 de
848 4157 996 4222 essentia
1023 4153 1146 4222 Patris.
1196 4158 1287 4230 bant,
1300 4154 1417 4221 Filium
1440 4175 1519 4221 esse
1540 4170 1740 4238 creaturam,
1763 4159 1840 4244 quia
1861 4158 1895 4222 in
1912 4157 1979 4224 hoc
1996 4150 2184 4223 dictousu's
2259 4182 2264 4188 ·

162 4234 232 4304 Sed
252 4251 372 4306 natura
394 4240 538 4305 humana
561 4250 614 4304 est
635 4251 800 4306 creatura.
1197 4254 1251 4310 est
1270 4243 1377 4308 verbo
1395 4247 1487 4326 fecit.
1530 4240 1746 4327 Respondeo.
1790 4242 1884 4310 'lunc
1905 4255 2086 4349 usurpatur
2108 4262 2185 4333 ver·

1197 4332 1275 4395 bum
1294 4334 1393 4413 secu,
1426 4330 1559 4414 quando
1592 4330 1748 4395 adiicitur
1768 4332 1892 4395 mentio
1914 4327 2028 4397 officii.
2072 4328 2184 4415 Signi·
2216 4340 2222 4385 .·

248 4415 343 4478 ltem:
367 4408 462 4476 Sicut
473 4430 542 4476 non
561 4422 699 4496 recepta
712 4423 763 4477 est
773 4415 968 4500 propositio,
992 4413 1147 4481 Christus
1196 4415 1278 4483 licat
1296 4415 1398 4480 enim:
1421 4414 1526 4481 libera
1547 4414 1719 4482 voluntate
1742 4417 1909 4482 ordinavit
1930 4436 1992 4481 seu
2011 4417 2187 4482 constituit

81 4518 86 4526 ·
163 4507 216 4561 est
240 4510 412 4564 creaturae
435 4496 496 4561 Sic
516 4518 585 4563 non
607 4498 819 4583 recipiendae
839 4514 918 4566 sunt
939 4501 1005 4567 hae
1026 4522 1149 4587 propo·
1180 4522 1285 4569 -eum
1328 4497 1462 4567 lllustre
1494 4499 1684 4589 exemplum
1712 4500 1828 4577 estfln
1850 4503 1937 4569 icto:
1972 4500 2072 4580 Eum,
2107 4504 2167 4590 qui

132 4582 316 4661 'sitiones,
339 4582 497 4649 Christus
519 4585 634 4671 incipit
657 4605 746 4650 esse.
792 4585 889 4667 llam,
921 4586 1077 4653 Christus
1100 4586 1148 4653 sa·
1198 4609 1266 4656 non
1288 4588 1382 4654 novit
1403 4599 1595 4674 peccatum,
1629 4588 1724 4655 Deus
1752 4586 1829 4655 iecit
1855 4610 1893 4654 ro
1917 4590 2034 4655 nobis'
2070 4608 2173 4654 acca·
2252 4642 2262 4659 ,

163 4679 240 4735 ctus
264 4681 326 4733 est.
371 4675 454 4737 Sunt
475 4683 584 4736 aretem
606 4685 762 4758 receptae
795 4673 860 4738 hae
888 4675 1149 4759 propositiones,
1199 4686 1280 4755 tum,
1300 4686 1338 4740 ut
1359 4695 1423 4740 nos
1446 4672 1601 4742 fieremus
1623 4675 1747 4759 iustitia
1769 4673 1835 4741 Dei
1856 4677 1890 4741 in
1910 4677 1998 4760 ipso.
2065 4677 2096 4741 ic
2112 4695 2186 4740 ma·
2262 4700 2293 4717 ψ

161 4754 250 4836 λόγος
271 4755 385 4841 incipit
406 4755 606 4824 essehomo.
639 4756 731 4838 item,
751 4757 835 4842 λόγος
846 4754 959 4826 factus
973 4774 1026 4826 est
1036 4759 1150 4841 homo,
1198 4758 1356 4827 nifestum
1378 4771 1448 4840 est,
1469 4763 1609 4827 verbum
1630 4767 1753 4842 ἐποίησε
1774 4783 1982 4849 nequaquam
2004 4762 2048 4847 de
2069 4781 2187 4827 essen-
2232 4780 2249 4803 ·‘

161 4842 250 4925 λόγος
270 4838 380 4909 sactus
394 4856 454 4908 ¹cst
475 4841 650 4924 Christus,
679 4856 713 4911 et
733 4856 843 4912 tamen
864 4849 929 4913 bae
950 4868 1010 4934 pro
1058 4845 1150 4914 sitio·
1199 4845 1365 4933 tialoqui,
1384 4849 1447 4915 sed
1468 4846 1653 4927 decibalo,
1675 4848 1848 4944 lociteum
1864 4859 2050 4937 peceatum,
2073 4849 2187 4930 idest,

162 4946 224 4993 nes
237 4926 366 4995 Graece
388 4925 521 4996 mollius
544 4928 725 4998 efferuntur
747 4952 846 5018 quam
891 4934 996 4998 atine:
1052 4954 1150 5020 equa·
1199 4935 1366 5000 ordinavit
1398 4955 1460 5000 seu
1491 4937 1662 5001 constituit
1710 4937 1832 5003 ostium
1864 4955 1927 5021 pro
1956 4948 2118 5021 peccato,
2149 4936 2185 5002 in

162 5034 265 5165 puam
287 5014 374 5081 enim
395 5014 574 5095 diceretur,
595 5016 613 5081 ό
632 5018 719 5101 λόγος
729 5017 862 5105 laetitia
879 5018 1060 5107 ἄνθρωπος,
1082 5020 1149 5086 Sed
1201 5042 1300 5129 quam
1333 5020 1558 5087 effunderetur
1597 5022 1652 5087 ira
1690 5040 1835 5087 aversus
1880 5031 1999 5087 nostra
2030 5033 2185 5107 peccatu.
2277 5048 2283 5057 ·

178 5097 329 5189 ohannes
351 5096 486 5167 mollius
508 5103 598 5183 dicit,
619 5102 637 5168 ό
656 5104 744 5187 λόγος
769 5126 846 5193 cap
863 5110 984 5208 λγένετο
1028 5104 1151 5175 Υἰόοιι·Ι
1201 5104 1306 5174 simul
1323 5120 1433 5175 autem
1450 5110 1601 5193 pondera
1616 5110 1797 5177 verbormu
1814 5109 2078 5205 considerautur.
2111 5106 2185 5174 'l'ri-
2242 5114 2244 5119 '
