4628 5588
82 192 220 269 ,687

154 383 308 460 nominis,
332 384 520 468 ubicunque
543 384 586 449 im
610 376 660 448 iae
683 383 777 469 leges
800 384 994 448 Pontificum
1015 382 1136 449 Roma·

153 490 271 534 norum
295 468 515 534 dominantur.
581 405 677 543 guae
705 491 778 535 cum
802 470 989 554 coniugium
1013 482 1136 535 vocant

153 556 401 633 immunditiem,
424 557 668 621 meminerimus
691 557 775 621 baec
798 553 961 620 virulenta
984 556 1136 621 convicia

142 642 174 705 'a
196 639 341 706 DTabolo
365 643 454 720 oriri,
478 643 564 706 sieut
586 639 709 707 Paulus
732 644 848 747 inquit,
874 640 1134 708 Prohibitionem

149 812 310 879 Canones
326 836 403 880 eum
426 817 571 879 sciamus
596 836 673 879 esse
686 815 855 879 doctrinas
874 815 1133 894 daemoniorum,

152 898 256 965 deleri
279 921 419 986 prorsus
438 904 596 986 oportuit,
618 900 784 986 prohiberi
799 922 901 986 vagas
914 898 1080 981 libidineS,
1100 914 1133 966 et

152 988 245 1052 reddi
258 988 447 1074 coniugium
460 988 701 1067 sacerdotibus
713 1000 749 1052 ιιι
761 998 854 1051 εεειε
867 989 978 1052 vivere
989 989 1131 1071 possint,

150 1086 185 1138 et
203 1077 290 1139 bona
302 1077 507 1140 conscientia
518 1074 625 1139 Deum
644 1077 812 1152 invocare,
835 1084 868 1137 et
884 1072 976 1158 longi
996 1094 1136 1159 munero

150 1161 293 1226 omnium
317 1182 445 1226 summo
480 1174 512 1225 et
535 1157 739 1239 difficillimo,
766 1159 987 1245 explicatione
1009 1162 1131 1225 doctri·

149 1266 214 1312 nae
236 1264 269 1312 et
292 1249 534 1333 gubernatione
562 1243 744 1311 Ecclesiae.
813 1245 917 1311 Recte
950 1248 1037 1310 enim
1070 1245 1131 1310 Pa-

151 1333 320 1417 phnutius,
354 1335 409 1419 qui
445 1335 503 1411 ait,
540 1333 718 1418 coniugum
752 1334 1023 1397 consuetudinem
1054 1353 1132 1398 εεεε

55 1467 59 1474 ,
149 1423 344 1485 castitatem.

790 190 901 259 anu.
926 191 1029 259 uer.
1052 153 1240 259 sontem
1261 192 1541 260 cetrarium.

2106 189 2207 259 688.

1188 396 1277 464 eant,
1311 385 1373 449 An
1388 387 1416 449 si
1439 370 1613 452 sacerdoti
1631 385 1776 451 coniunx
1798 395 1929 449 mortua
1951 379 2066 464 fuerit,
2089 354 2196 451 cons

1188 473 1344 536 cedamus
1350 519 1363 550 ‚
1395 483 1431 537 ιιι
1463 479 1563 537 ducat
1595 469 1736 549 aliam&
1757 471 1988 536 Concedimus.
2038 470 2169 539 Nemini

1187 562 1272 623 enim
1296 557 1416 623 idoneo
1439 555 1678 641 prohibendum
1701 570 1753 622 est
1771 559 1969 643 coniugium,
1992 555 2168 625 utPaulos

1157 665 1164 735 Ι
1185 645 1289 730 inquit
1311 646 1351 708 ad
1365 642 1514 710 Corinth.
1537 644 1579 708 de
1602 645 1725 709 viduis:
1748 644 1782 706 Si
1799 664 1865 707 non
1884 644 2071 721 continent,
2087 664 2169 711 con-

91 780 94 785 >
153 729 298 814 coniugii
322 748 399 794 εεεε
421 730 605 793 doctrinam
636 729 894 794 daemoniorum.
941 728 1011 793 llos
1034 730 1162 815 igitar·

1186 731 1318 795 trahant
1340 731 1506 815 coniugia.
1551 729 1593 793 Et
1616 732 1708 796 alibi:
1743 728 1831 793 Volo
1860 731 2005 794 iuniores
2027 732 2166 797 nubere.

1184 816 1239 881 Ab
1251 815 1303 880 llis
1327 813 1452 900 regulis
1474 837 1540 880 non
1554 817 1791 881 discedendum
1803 829 1867 880 est.
1900 815 1971 880 Nec
1994 816 2167 883 vetusEo·

1186 901 1288 967 clesia
1304 901 1437 967 Graeca
1459 901 1639 986 probibuit,
1663 924 1730 988 quo
1753 904 1860 967 minus
1883 903 2056 981 sacerdos,
2078 914 2166 968 mo'r·

1184 1001 1240 1054 tua
1263 1009 1386 1065 uxore,
1407 986 1520 1053 valiam
1550 990 1704 1067 duceret,
1738 990 1799 1053 sed
1829 989 2002 1053 ducentem
2025 991 2165 1054 removit

1183 1097 1203 1140 a
1224 1076 1416 1139 ministerio.
1462 1075 1497 1139 ld
1522 1094 1588 1138 non
1611 1086 1662 1139 est
1684 1095 1824 1139 necesse
1847 1075 1929 1152 lieri,
1953 1076 2014 1139 sed
2036 1072 2094 1140 ilia
2109 1097 2167 1140 ae·

1183 1173 1236 1226 tas
1258 1163 1399 1247 quadam
1422 1163 1658 1245 superstitione
1681 1162 1836 1224 secundis
1858 1160 2167 1244 nuptiisetiamlai·

1184 1269 1298 1312 corum
1322 1244 1382 1312 suit
1402 1248 1554 1333 iniquior,
1578 1258 1613 1312 ut
1636 1267 1677 1311 ex
1688 1243 1892 1324 Tertulliano
1915 1248 1950 1311 iu
1971 1245 2167 1314 Laodicena

1184 1333 1321 1420 Synodo
1351 1345 1503 1419 apparet:
1537 1333 1650 1406 Quare
1678 1353 1743 1397 non
1773 1344 1824 1396 est
1852 1336 1969 1398 mirum
1999 1336 2164 1399 duriorem

1183 1418 1290 1483 inisse
1312 1422 1544 1485 sacerdotibus
1579 1421 1611 1483 in
1634 1416 1699 1483 hoc
1723 1440 1817 1484 casu.
1861 1419 1931 1485 Cur
1960 1434 2070 1489 autern
2093 1422 2166 1485 ido-

1134 1573 1143 1591 ,
1183 1525 1281 1570 neum
1313 1507 1496 1570 ministrum
1529 1508 1573 1573 ab
1608 1502 1720 1569 officio
1752 1524 1998 1570 removeremus
2026 1517 2166 1593 propter

446 1716 585 1797 Tertia
631 1712 830 1798 Obiectio
860 1772 867 1787 ·

54 1972 57 1979 ·
126 1992 131 2003 ,
233 1935 392 2000 Fateatur
412 1934 547 2018 quidam
571 1931 648 2018 eligi
671 1952 773 2016 posse
796 1936 932 1998 maritos
955 1935 997 1998 ad
1010 1957 1128 2000 uranus

147 2023 371 2097 sacerdotum,
394 2019 454 2083 sed
478 2017 625 2083 coelibes
648 2019 778 2083 electos
800 2031 921 2104 negant
967 2016 1021 2086 ost'
1043 2022 1129 2085 ordi-

146 2110 314 2199 nationem
346 2125 449 2192 posse
483 2100 606 2170 deicere
638 2125 772 2169 uxores.
840 2108 918 2170 Scio
942 2042 1006 2172 Eoo
1029 2108 1129 2172 obiici

147 2195 284 2273 nostris,
318 2195 378 2257 sed
412 2203 464 2256 est
487 2189 591 2254 sutilis
609 2203 641 2256 et
663 2193 772 2257 inanis
795 2189 973 2257 cavillatio.
1037 2190 1127 2271 Nihil

61 2280 66 2296 ’
147 2285 232 2348 ειιίιιι
256 2303 297 2345 ex
330 2275 537 2362 Apostolicis
561 2276 666 2342 literis
688 2274 828 2362 proferri
851 2289 963 2363 potest
986 2280 1030 2342 ad
1054 2299 1127 2343 eam

56 2429 57 2432 ,
146 2367 415 2434 confirmandam.
470 2362 512 2429 Et
530 2361 665 2428 refutari
689 2361 781 2427 clare
803 2377 951 2429 veterum
974 2364 1127 2449 Synodo·

131 2477 217 2520 ¹rum
240 2450 414 2518 sententiis
438 2461 558 2532 potest.
603 2447 725 2512 Distin.
749 2449 802 2514 28.
826 2451 858 2514 in
883 2472 953 2535 cap.
973 2448 1126 2528 Diaconi,

144 2541 250 2626 inquit
284 2537 442 2624 Synodus
476 2535 669 2621 Ancyrana,
699 2532 871 2600 Diaconos
902 2535 1068 2617 coelibeS,
1097 2541 1126 2603 si

145 2630 280 2714 posteo
299 2624 408 2688 evecti
431 2623 473 2686 ad
504 2623 643 2707 gradum
672 2623 877 2705 superiorem
901 2623 1023 2687 ducant
1045 2645 1126 2688 uno·

145 2735 215 2791 res,
236 2710 491 2776 concedendum
514 2727 603 2784 esse,
623 2709 683 2771 nisi
708 2720 818 2772 votum
836 2707 977 2774 fecerint
1001 2730 1125 2775 senon

145 2803 305 2865 ducturos
328 2816 462 2860 uxores.
508 2792 603 2859 Tunc
625 2795 710 2858 enim
734 2791 871 2858 liberum
896 2808 967 2859 erat
979 2794 1124 2877 cuilibet,

143 2884 256 2952 iacere
274 2894 330 2947 aut
352 2901 418 2946 non
446 2878 557 2945 facere
580 2892 704 2945 votum.
750 2880 912 2946 Concedit
935 2903 1017 2968 ergo
1039 2883 1126 2970 Syn·

140 2975 235 3049 ‚odos
266 2969 425 3033 ordinatis
458 2969 581 3032 ducere
610 2987 744 3030 uxores·
789 2967 831 3030 Et
856 2968 908 3032 hic
932 2989 1003 3031 mos
1026 2968 1126 3034 hodie

143 3068 255 3126 manet
278 3057 311 3117 in
335 3053 466 3119 Graeca
483 3052 648 3117 Ecclesia.
678 3052 815 3118 Ducunt
835 3075 960 3118 uxores
980 3055 1126 3140 Presby-

1181 1590 1271 1656 hanc
1293 1612 1441 1670 causam,
1476 1612 1550 1657 cnm
1559 1574 1748 1682 {scriptura
1769 1590 1964 1674 Apostolica
1999 1593 2165 1658 concedat

1183 1679 1211 1740 ei
1236 1679 1401 1742 secundas
1435 1679 1580 1762 nuptias,
1613 1692 1649 1742 ut
1678 1678 1766 1743 dicta
1787 1675 1881 1742 Pauli
1912 1690 2094 1756 testantur,
2131 1692 2164 1743 ει

1182 1765 1370 1848 coniugium
1393 1765 1436 1827 sit
1460 1765 1667 1849 genusyitae
1682 1766 1769 1848 pium
1789 1784 1831 1827 ac
1847 1761 2040 1830 laudatum?
2063 1763 2166 1837 Quod

1182 1849 1265 1913 enim
1290 1850 1409 1913 dicitur
1426 1852 1467 1916 od
1491 1849 1698 1914 Timotheum
1722 1862 1754 1913 et
1776 1850 1818 1915 ad
1841 1847 1965 1914 Titum:
1990 1848 2041 1913 Sit
2063 1852 2163 1915 unius

1180 1937 1292 1999 uxods
1326 1937 1394 2012 vir,
1427 1934 1498 2001 vult
1530 1933 1655 2001 Paulus
1687 1936 1863 2000 horrestum
1898 1938 2049 2000 maritum
2081 1956 2162 2001 esse

1180 2032 1369 2086 contentam
1393 2025 1534 2108 coniuge
1556 2042 1629 2087 sua.
1673 2022 1749 2085 Non
1771 2019 1941 2107 probibet,
1962 2041 2029 2106 quo
2051 2023 2162 2089 minos

1179 2110 1288 2192 priore
1301 2119 1440 2186 mortua,
1457 2110 1557 2257 ψει
1567 2107 1677 2173 aliam.
1703 2108 1787 2172 Nam
1800 2109 1886 2185 etis,
1898 2108 2162 2193 quisecundam,

1177 2196 1288 2276 priore
1300 2206 1443 2273 mortua,
1467 2197 1569 2271 (neit,
1593 2206 1644 2258 est
1654 2196 1751 2260 unius
1763 2196 1878 2258 uxoris
1891 2195 1953 2272 vir,
1968 2196 2004 2257 si
2018 2196 2161 2280 coniuge

1178 2292 1496 2355 suacontentusest.
1521 2279 1615 2353 Quae
1623 2294 1713 2344 esset
1726 2282 1767 2343 im
1793 2281 1888 2357 ictae,
1903 2292 2163 2364 preptersnper·

1177 2367 1341 2429 stitiosam
1363 2368 1570 2431 traditionem
1596 2368 1734 2431 idoneos
1757 2303 1924 2429 lloctores
1943 2387 2117 2431 removere
2142 2390 2164 2433 a

1177 2448 1358 2528 functione,
1382 2471 1456 2516 cum
1479 2474 1599 2537 magna
1622 2454 1750 2517 iactura
1771 2449 2023 2517 Ecclesiarurn?
2045 2448 2163 2517 lllultis

1178 2538 1419 2602 enimomnino
1449 2537 1593 2602 defuturi
1616 2549 1730 2616 essent
1751 2550 1906 2621 pastores
1934 2536 1986 2603 his
2009 2540 2162 2616 remotis,

1178 2622 1298 2688 alicubi
1323 2637 1581 2711 surrogarentur
1608 2627 1716 2688 atinus
1744 2624 1864 2689 idonei.
1909 2623 2028 2715 Longe
2050 2636 2163 2688 autern

1176 2707 1426 2774 anteferendum
1462 2722 1514 2774 εει
1535 2711 1758 2775 ministerium·
1773 2708 1947 2797 Evangelii
1976 2711 2043 2776 hiso
2059 2711 2177 2774 tradi·'

1179 2798 1327 2861 tionibus
1353 2796 1502 2861 humanis
1524 2817 1591 2860 non
1614 2797 1826 2862 necessariis.

143 3146 206 3210 teti
230 3143 327 3207 etiam
350 3151 426 3224 post
449 3140 700 3204 ordinationem.
735 3139 835 3224 ldquc
858 3138 979 3204 latetur
1002 3141 1126 3205 dictum
1225 3195 1228 3203 .

142 3228 298 3297 nist-31.
322 3228 379 3290 ubi
402 3225 536 3310 legitur:
560 3222 755 3289 Orientales·
771 3227 803 3287 in
827 3227 934 3289 sacris
953 3228 1124 3291 ordinibus

150 3313 359 3400 copulantur,
394 3315 446 3376 ubi
481 3309 608 3376 (ilossa
630 3309 800 3376 ridiculam
823 3312 1125 3398 interpretationem

145 3401 287 3487 aslingit,
312 3396 532 3481 Copulantur,
556 3399 676 3475 idest,
700 3395 857 3481 copulato
879 3410 1026 3463 utuntur.
1057 3398 1125 3463 Sed

144 3512 210 3558 non
235 3498 286 3553 est
307 3487 464 3553 inusitata
487 3486 570 3549 haec
592 3484 775 3570 sophistica
798 3487 830 3547 iu
849 3481 979 3550 illorum
992 3482 1125 3572 glossis.
1148 3520 1154 3575 Ι

232 3659 327 3724 Unde
362 3659 461 3744 igitur
484 3657 567 3720 haec
591 3659 765 3741 persuasio
789 3666 863 3719 orta
886 3670 954 3735 εει,
990 3669 1025 3721 ut
1048 3671 1124 3743 post

144 3749 381 3827 ordinationem
405 3743 510 3807 nolint
535 3745 721 3807 ‹tortcedere
744 3744 954 3827 coniugium?
1003 3743 1125 3808 Roma·

113 3907 119 3919 ,
143 3862 185 3905 na
204 3832 368 3920 Tyranuis
392 3844 461 3905 est,
495 3850 581 3913 quae
603 3840 637 3893 ut
660 3840 737 3913 post
760 3829 999 3893 ordinationem
1023 3830 1126 3894 divul-
1149 3876 1153 3911 ,

142 3929 186 3996 sit
208 3919 365 4003 coniugia
390 3927 514 3991 vetera,
539 3920 583 3978 ita
605 3936 672 3978 non
686 3916 854 3979 concessit
867 3936 971 3979 novar
998 3915 1126 3980 Deinde

144 4015 241 4084 etiam
259 4005 385 4090 pariter
409 4022 524 4065 ornnes
549 4002 661 4086 adegit
684 4004 727 4066 ad
749 4004 948 4067 vovendum.
979 4002 1059 4067 Scio
1083 4005 1124 4067 ab

144 4091 359 4171 adversariis,
381 4090 437 4173 qui
460 4086 564 4151 literis
590 4089 672 4151 luris
695 4087 853 4171 pontificii
876 4102 1046 4174 utcunque
1069 4090 1126 4153 im·

144 4188 211 4259 buti
248 4189 336 4247 sunt,
367 4197 442 4239 cum
460 4172 617 4238 historias
642 4172 751 4237 nullas
775 4176 901 4253 norint,
935 4195 1036 4259 saepe
1058 4173 1125 4238 hoc

1471 3213 1626 3315 Qtiarta
1658 3209 1856 3295 Obieotio.

1173 3390 1189 3419 Q

1265 3478 1442 3545 Cavillatio
1477 3492 1530 3545 εει
1562 3483 1696 3566 indigna
1719 3480 1926 3558 refutatione,
1960 3481 2019 3544 sed
2052 3492 2161 3545 tamen
2240 3470 2243 3480 ¹

1178 3569 1357 3632 recitanda.
1403 3566 1513 3652 Reges
1541 3582 1683 3651 possunt
1718 3570 1759 3630 de
1788 3569 1890 3630 rebus
1920 3565 2063 3652 politicis
2096 3588 2161 3630 suo

1176 3654 1296 3719 iudicio
1321 3655 1455 3718 decreta
1485 3652 1606 3718 lacere.
1651 3653 1896 3719 Matrimonium
1925 3667 1978 3718 εει
2000 3673 2056 3717 res
2078 3651 2161 3737 poli·

1177 3742 1258 3805 tica:
1288 3738 1380 3825 Ergo
1403 3739 1552 3827 Regibus
1575 3738 1653 3803 licet
1675 3741 1716 3802 de
1740 3761 1780 3805 co
1805 3741 1938 3804 decreta
1961 3737 2076 3804 iacere
2098 3759 2160 3804 suo

1177 3828 1315 3894 iudicio,
1354 3825 1397 3889 Ut
1423 3825 1493 3889 Rex
1517 3838 1628 3911 potest
1662 3838 1785 3890 tanturn
1810 3823 1960 3890 coelibes
1990 3827 2161 3890 ministros

1177 3915 1208 3977 in
1233 3912 1341 3976 aulam
1364 3915 1553 3990 admittere,
1587 3914 1637 3976 sic
1660 3913 1791 3977 videtur
1842 3932 1920 3976 osse
1944 3914 2160 3990 constituere,

1177 4012 1213 4065 ιιι
1236 4012 1362 4062 tantum
1393 3998 1549 4063 coelibes*
1570 4001 1717 4083 praesint
1746 3935 1920 4062 Ecclesiis.
1965 3998 2084 4061 Brevis
2108 4017 2162 4062 re·

1177 4087 1316 4167 sponsio
1340 4097 1409 4161 est,
1442 4084 1551 4149 Maior
1580 4086 1733 4170 neganda
1754 4099 1818 4148 est:
1856 4083 1964 4168 Reges
1987 4085 2074 4147 euim
2098 4104 2162 4148 nec

1178 4175 1219 4236 de
1239 4171 1381 4255 politicis
1406 4174 1507 4236 rebus
1530 4173 1664 4235 decreta
1689 4192 1750 4234 suo
1770 4172 1892 4235 iudicio
1916 4167 2161 4255 qualiacunque

145 4280 266 4346 dictum
289 4254 422 4328 iacta‘ri:
446 4260 553 4323 Posse
577 4258 653 4345 eligi
677 4263 812 4325 ararites
836 4264 1043 4340 sacerdotes,
1065 4263 1125 4324 sed
1178 4260 1325 4322 condere
1348 4272 1505 4342 possunt,
1528 4260 1587 4322 sed
1613 4260 1733 4321 debent
1755 4258 1858 4321 instas
1882 4255 1979 4341 leges
2003 4258 2161 4334 condere,

148 4381 213 4434 non
235 4371 339 4443 posse
362 4347 515 4424 concedi,
539 4358 573 4410 ut
595 4345 691 4410 electi
716 4347 863 4412 coelibes
895 4360 972 4431 post
996 4349 1126 4411 ordina·
1181 4357 1214 4409 et
1236 4346 1329 4429 ecqui
1353 4346 1507 4408 indicium
1529 4343 1613 4418 Dei,
1637 4340 1804 4419 videlicet,
1827 4363 1871 4431 nc
1893 4342 2037 4407 condant
2066 4339 2161 4427 leges

148 4455 267 4521 tionem
291 4441 412 4503 ducant
436 4454 583 4498 uxorem.
614 4433 680 4497 Sed
706 4435 734 4498 si
758 4455 899 4519 quaeras
920 4435 1045 4498 firmam
1069 4455 1127 4497 au·
1176 4443 1365 4516 pugnantes
1390 4453 1464 4496 cam
1487 4432 1649 4495 ntandatis
1672 4429 1745 4493 Dei.
1791 4427 1928 4494 Politice
1950 4449 2006 4491 res
2036 4440 2087 4491 εει
2110 4427 2162 4492 lo·
2244 4504 2249 4517 Ι

148 4537 314 4609 toritatem
336 4523 433 4588 huius
457 4521 546 4596 dicti,
569 4516 649 4583 nillil
672 4540 713 4584 ex
737 4523 842 4586 saeris
861 4518 965 4584 literis
983 4520 1127 4605 proferri
1178 4537 1276 4582 reuse
1297 4518 1462 4592 indicium,
1485 4517 1544 4580 sed
1562 4517 1708 4603 Regibus
1728 4536 1795 4580 non
1808 4515 1884 4579 licet
1895 4513 1989 4601 leges
2002 4515 2162 4595 condere,

195 4629 269 4689 test.
335 4609 377 4674 Et
411 4607 577 4673 contraria
612 4605 765 4692 exempla
788 4619 903 4671 vetera
927 4618 959 4671 et
981 4609 1128 4671 recentia
1179 4617 1215 4668 ut
1228 4604 1328 4668 ludex
1340 4605 1686 4686 puniationocentem,
1709 4604 1781 4666 sine
1797 4600 1945 4689 legitima
1957 4601 2160 4683 cognitione.

152 4716 301 4784 tiraecee
323 4694 500 4762 Ecclesiae
523 4696 643 4778 opponi
663 4707 814 4778 possunt.
860 4685 934 4758 Non
960 4695 1127 4758 torturae·
1180 4690 1288 4755 llabet
1311 4710 1391 4754 suas
1414 4702 1518 4754 metas
1538 4689 1666 4772 Regum
1690 4691 1847 4771 potentia,
1870 4709 1933 4753 nec
1963 4699 2071 4750 sumat
2096 4689 2162 4753 sibi

154 4793 265 4873 terreri
299 4805 361 4851 nos
391 4804 411 4846 a
445 4785 583 4845 veritate
617 4782 765 4846 sinamus
792 4783 882 4844 inani
906 4746 1128 4859 cavillatione,
1179 4775 1345 4842 licentiam
1369 4788 1485 4840 contro
1513 4779 1669 4840 mandata
1690 4773 1753 4839 Dei
1779 4773 1901 4860 aliquid
1925 4773 2159 4838 constituendi.
2239 4854 2245 4867 α

645 4869 766 4932 iniusto
791 4888 883 4933 more
905 4865 1129 4934 Romanorum
1180 4863 1350 4928 Pertinent
1382 4865 1423 4927 ad
1458 4864 1551 4946 ipsos
1580 4881 1712 4947 quoque
1739 4862 1848 4935 mirue
1870 4857 2053 4924 coelestes:
2087 4859 2161 4926 Vae

1180 4950 1277 5017 vobis
1296 4950 1328 5014 vi
1351 4951 1497 5014 scribitis
1519 4946 1614 5034 leges
1637 4950 1776 5033 iniquas.
1822 4948 1892 5013 Nec
1915 4938 2101 5029 exemplum
2118 4946 2161 5011 de

1180 5035 1632 5102 aulicisacoommodamlum
1656 5036 1770 5100 estad
1795 5054 1855 5119 per
1880 5047 1990 5099 etuum
2015 5030 2161 5097 coeliba-

154 4906 236 4985 ,με
252 4894 318 4946 non
341 4870 473 4935 aliunde
497 4868 559 4932 nisi
582 4890 623 4933 ex

157 4967 341 5095 gentilicum
364 4968 439 5020 orta
462 4967 524 5021 est.

240 5142 410 5220 Quaerunt
435 5131 532 5196 etiarn
555 5129 740 5241 adversarii
763 5127 805 5194 de
827 5127 988 5215 digentis,
1015 5135 1052 5191 ut
1073 5145 1130 5192 vo·
1183 5134 1266 5188 tum:
1288 5122 1413 5189 iniusta
1435 5118 1504 5187 ter·
1512 5133 1546 5186 et
1568 5123 1652 5186 haec
1666 5134 1780 5199 esset,
1810 5122 1843 5186 Si
1896 5139 1978 5209 eges
2006 5117 2161 5204 probibe-
