4628 5588
168 191 236 271 ΜΖ

158 383 253 451 aare:
275 399 337 464 per
358 378 619 443 misericordiam
642 378 746 465 gratis
769 387 908 462 propter
930 374 1152 442 bledietnrem

112 540 131 552 ,
167 466 352 553 placemus,
376 464 439 538 Qui
461 477 569 529 tamen
592 466 638 528 ite
660 465 757 528 nobis
778 461 924 549 applicet
944 484 1008 529 sua
1031 464 1153 530 beneli-

171 557 232 633 cia,
254 575 331 617 cum
353 552 566 637 promissioni
589 551 766 617 credimus

255 724 347 791 Haec
379 725 455 788 ideo
490 724 631 790 dicende
653 734 747 801 sunt,
781 736 818 789 ut
850 725 962 788 nativa
984 722 1152 787 sententie

167 813 349 882 retineatur
370 812 402 874 in
425 813 663 895 propositione,
695 809 776 874 Fide
799 809 1023 875 iustificatum.
1068 808 1151 873 Nem

170 899 348 984 Origenes,
370 896 529 975 Thomas,
563 893 711 961 etmulti
734 892 788 960 alii
812 898 1036 979 depravarunt
1057 892 1152 960 Pauli

170 987 378 1062 setrtemiam,
403 985 459 1068 qui
482 982 647 1047 finxerunt
669 982 926 1069 synecdochen,
958 982 1039 1047 Fide
1062 982 1152 1046 iusti·

169 1075 319 1149 ficemur,
342 1073 374 1134 id
397 1081 459 1153 est,
482 1090 730 1153 praeparemur,
753 1081 789 1135 ut
835 1078 930 1134 ostee
952 1071 1057 1135 simus
1075 1070 1151 1133 iusti

169 1159 244 1226 eliis
269 1158 455 1235 virtutihus,
479 1168 514 1220 nt
537 1159 658 1242 siquis
677 1159 782 1221 dicat:
804 1093 1097 1233 hormaheva,
1119 1156 1152 1218 id

170 1259 240 1322 est,
274 1245 438 1310 exuscitet
471 1241 613 1327 aliquid,
647 1264 713 1328 quo
749 1255 868 1325 postea
900 1263 1015 1308 smnus
1043 1240 1150 1315 celidi.

169 1332 315 1398 Thomas
351 1329 438 1395 lrauc
471 1332 712 1414 synecdochen
748 1328 801 1392 his
834 1330 947 1394 verbis
970 1330 1151 1414 expressit:

169 1418 250 1483 Fide
279 1414 411 1482 scilicet
441 1412 583 1480 formata
615 1417 689 1482 eliis
723 1418 900 1482 virtutibus
922 1436 1038 1481 sumus
1061 1414 1149 1493 iusti,

170 1506 259 1591 quod
289 1500 373 1591 'nihil
405 1500 494 1566 aliud
517 1515 582 1581 est,
617 1525 714 1589 quarn
737 1505 848 1569 dicere
870 1502 1022 1568 homines
1044 1503 1152 1567 iustos

67 1658 78 1669 ,
171 1612 252 1657 esse
273 1592 344 1656 suis
364 1592 531 1673 operibus.

256 1762 422 1827 Osiender
453 1783 514 1844 pro
549 1759 669 1825 ellectu
702 1762 849 1825 nominat
881 1781 1038 1842 causam,
1071 1759 1152 1824 Fide

170 1869 424 1933 praeparemur,
458 1860 494 1912 ut
516 1860 635 1931 postea
658 1848 761 1912 simus
786 1849 861 1912 iusti
884 1846 959 1912 Deo
982 1846 1151 1911 habitante

170 1937 203 2000 in
216 1937 323 2012 nohis,
347 1957 408 1998 nec
422 1936 539 2018 recipit
560 1935 647 2000 hauc
669 1936 982 2017 interpretationem,
1002 1934 1084 1998 Fide
1106 1934 1152 1996 iu·

172 2023 212 2085 sti
234 2043 362 2097 sumus,
386 2018 552 2084 videlicet.
575 2042 636 2105 per
658 2022 917 2086 misericordiam
934 2020 1153 2103 propterhie·

172 2109 308 2172 dietatis
332 2108 564 2172 obedientiam.

259 2278 369 2343 Simus
400 2280 501 2364 igitur
538 2274 716 2381 vigilantes
754 2281 788 2343 in
822 2276 1022 2344 refutatione
1053 2276 1152 2342 huius

76 2370 83 2381 '
172 2363 429 2451 synecdoches,
448 2377 481 2429 et
504 2368 813 2432 conhrmemusnos
835 2366 868 2429 in
892 2366 1082 2449 quotidiana
1105 2366 1153 2433 in·

147 2453 365 2530 -vocatione,
394 2449 459 2515 illis
489 2452 571 2536 ipsis
598 2450 757 2536 exemplis
781 2450 1031 2536 Prophetarum.
1077 2451 1152 2516 Non

170 2558 283 2616 erras,
313 2540 445 2623 quando
468 2541 607 2604 invocas
631 2550 665 2604 ut
686 2537 830 2617 diuisas,
862 2537 991 2616 David,
1019 2535 1152 2618 Daniel,

171 2637 205 2689 et
226 2625 351 2689 caeteri
375 2623 572 2708 Prophetae.
603 2624 646 2689 lii
671 2646 787 2691 onrnes
810 2623 1007 2711 confugiunt
1028 2624 1073 2690 ed
1095 2626 1153 2691 mi·

171 2711 391 2775 sericordiarn
416 2712 612 2798 gratuitam,
634 2723 667 2776 et
693 2710 781 2785 banc
804 2723 952 2776 statuunt
974 2725 1099 2777 certam
1121 2723 1153 2777 et

168 2798 371 2881 promissam
392 2818 470 2861 esse
498 2809 636 2881 propter
659 2796 892 2862 Mediator-em:
928 2797 986 2862 Sic
1013 2819 1089 2862 cum
1118 2811 1154 2862 tu

154 2903 303 2969 ·quoque
326 2883 480 2962 invocas,
503 2896 594 2948 recte
616 2885 767 2949 truncas.
815 2883 907 2949 ilaec
930 2903 1033 2969 saepe
1062 2886 1153 2967 covi-

169 2971 270 3034 tande
292 2981 389 3046 sunt,
421 2981 458 3035 ut
486 2985 604 3036 contre
625 2967 714 3036 illam
737 2969 960 3054 sophisticam
982 2971 1094 3058 Synec
1119 2992 1154 3036 o·

171 3056 256 3121 eben
279 3056 522 3123 confirmemur.

258 3227 388 3294 Deinde
409 3248 525 3294 verum
543 3239 613 3307 est,
637 3251 712 3294 curn
731 3239 958 3294 sustentamur
980 3241 1014 3294 et
1034 3226 1154 3294 libera·

171 3335 243 3380 mur
270 3334 310 3379 ex
342 3311 514 3380 doloribus
546 3313 742 3393 inferorum,
771 3317 866 3380 adest
895 3313 999 3380 Filius
1027 3313 1092 3380 Dei
1122 3327 1156 3380 et

171 3402 317 3467 viviticat
347 3422 432 3478 nos,
466 3402 534 3467 Sed
565 3403 753 3467 obedientia
782 3400 973 3467 hlediatoris
1004 3400 1069 3466 lide
1105 3404 1154 3466 in·

170 3489 294 3553 tuenda
313 3502 383 3567 est,
417 3502 450 3552 et
479 3501 615 3574 propter
637 3486 725 3552 illam
754 3500 882 3577 statuas
911 3499 945 3552 te
968 3501 1060 3553 certo
1082 3486 1153 3572 pla·

141 3632 144 3639 .
171 3594 263 3639 ecre:
300 3574 340 3639 Et
362 3576 550 3639 ohedientia
571 3574 765 3640 hiediataris
789 3575 822 3638 in
844 3573 1006 3638 infinitum
1028 3573 1153 3639 anteie-

170 3661 275 3726 rende
297 3676 349 3726 est
367 3658 435 3726 illis
458 3664 556 3727 novis
578 3663 779 3740 actionibus,
802 3682 888 3748 quae
910 3662 943 3726 in
965 3671 998 3725 te
1020 3659 1113 3727 fiunt.

548 3957 774 4046 Conclusio.

202 4162 206 4166 ⁵
256 4174 366 4241 Recte
398 4175 574 4262 explicetis
605 4177 794 4258 vocabulis,
828 4180 933 4244 recito
954 4177 1154 4264 propositio·

171 4282 259 4413 fflh’
288 4284 373 4413 {pree
398 4278 449 4327 est
482 4265 819 4352 sunnneEvangelii.
842 4267 1025 4330 recitatae
1050 4263 1153 4331 Paulo

170 4542 238 4586 non
262 4538 398 4606 propter
421 4521 488 4588 ulla
512 4538 628 4589 nostre
651 4526 776 4604 merite,
799 4527 980 4611 accipimus
1008 4527 1040 4589 iu
1063 4525 1153 4589 veris

171 4611 354 4692 peroribus
378 4608 453 4676 sola
466 4611 547 4675 Fide
559 4613 787 4677 remissionem
809 4625 1023 4696 pcccatorum
1047 4622 1081 4676 et
1102 4630 1153 4675 re·

137 4726 146 4741 x
172 4692 448 4769 conciliationem.
471 4709 503 4762 et
526 4699 559 4760 in
583 4719 623 4762 ee
646 4697 875 4764 consolatione
896 4719 971 4763 cum
994 4696 1076 4762 Fide
1097 4719 1153 4762 su·

171 4791 367 4862 storrtamur,
389 4782 493 4849 Filius
514 4781 580 4849 Dei
602 4786 729 4868 ipsein
753 4786 850 4850 nobis
872 4795 925 4848 est
945 4781 1083 4864 elhcax,
1100 4783 1154 4847 di·

171 4869 217 4933 cit
240 4867 504 4935 crmsoletlnnem
527 4892 613 4936 voce
635 4868 827 4958 Evangelii,
860 4872 1007 4936 ostendit
1028 4871 1154 4935 miseri·

690 144 696 156 ’
794 186 837 254 v.
880 184 1147 253 exrmcano
1167 184 1371 254 suueou
1390 184 1551 258 urcem

313 4398 321 4414 .
346 4364 377 4415 et
402 4350 571 4435 deinceps.
616 4350 758 4436 Propter
779 4351 895 4417 filium
919 4350 980 4415 Dei
993 4351 1152 4416 lilediato·
1200 4386 1204 4394 ·

51 4464 56 4472 ·
169 4454 258 4514 rem,
293 4438 477 4523 etquidem
501 4440 991 4522 propteretusobedtenrtam,
1026 4437 1152 4517 Gratis,

1204 377 1282 441 tiam
1303 376 1510 455 Mediatoris,
1532 386 1567 442 et
1587 373 1686 442 simul
1707 396 1823 443 sumus
1844 377 2008 442 haeredes
2020 377 2109 444 vitae
2130 398 2187 443 ae-

1204 476 1318 528 ternae
1347 478 1484 549 propter
1517 461 1752 541 Mediatorem,
1786 485 1852 528 non
1883 478 2020 549 propter
2038 479 2187 533 nostram

1203 551 1396 637 dignitatem
1418 561 1477 616 aut
1496 562 1632 615 nostres
1655 551 1795 617 virtutes
1818 571 2009 634 senopem.

1290 722 1395 789 Huius
1430 719 1655 788 conclusionis
1690 725 1877 788 testimonia
1899 729 2034 808 proprie
2056 734 2089 790 et
2111 745 2187 810 per-

1204 811 1320 894 spicue
1342 813 1409 875 sint
1430 811 1462 872 in
1486 820 1682 893 conspectu,
1704 823 1746 874 ut
1762 811 1932 875 doctrinae
1955 812 2083 894 puritas
2107 832 2187 877 con·

1203 909 1369 975 servetur,
1392 895 1535 961 Primum
1558 910 1693 982 propter
1715 894 1856 981 gloriam
1880 894 1950 961 Filii
1974 896 2057 977 Dei,
2088 897 2188 962 Dein·

1204 984 1246 1047 de
1279 995 1316 1048 ut
1348 982 1476 1047 firmam
1510 982 1774 1047 consolationem
1807 995 1991 1060 taceamne,
2021 998 2055 1049 et
2075 982 2187 1051 Deum
2281 982 2284 989 ’

1204 1083 1297 1135 recte
1319 1068 1477 1136 invocare
1498 1071 1681 1154 possimus,
1705 1068 1827 1135 fiducie
1848 1069 2055 1135 biedietoris.

1530 1403 1857 1486 Testimonie.
1943 1444 1946 1448 ·

1290 1616 1444 1684 Primum.
1489 1618 1565 1685 Act.
1591 1619 1641 1687 10.
1687 1619 1772 1684 Huic
1794 1639 1910 1685 ornnes
1928 1618 2116 1705 Prophetae
2139 1631 2187 1686 te·

1205 1707 1393 1771 stimonium
1419 1704 1604 1793 perbibent,
1626 1708 1782 1791 accipere
1811 1707 2039 1771 remissionem
2068 1728 2188 1790 pecce-
2280 1772 2286 1784 ,

1202 1805 1311 1858 torum
1334 1815 1396 1878 per
1417 1814 1535 1857 nonaen
1559 1795 1643 1871 etus,
1666 1813 1783 1859 orrrnes
1806 1792 1861 1877 qui
1886 1795 2026 1858 credunt
2045 1796 2076 1858 in
2102 1815 2186 1858 οιιιιι.

1204 1880 1265 1943 llic
1290 1879 1408 1944 Petrus
1431 1878 1584 1958 ellirmat,
1608 1880 1695 1945 burro
1718 1900 1795 1944 esse
1819 1899 2020 1943 consensum
2043 1882 2188 1945 nuntium
2297 1894 2302 1903 ’

1205 1965 1464 2051 Prophetarum,
1499 1979 1535 2030 ut
1557 1967 1723 2053 significet
1747 1967 1832 2030 lanne
1856 1978 2047 2049 perpetuam
2069 1988 2188 2032 vocem

1203 2073 1281 2118 esse
1303 2054 1557 2137 promissionum
1582 2057 1613 2117 iu
1639 2051 1791 2118 Ecclesia
1810 2051 1885 2128 Dei,
1909 2053 2096 2137 etquidem
2120 2055 2186 2117 dis·

1204 2153 1393 2205 cernentem
1429 2159 1541 2203 rerem
1574 2137 1762 2206 Ecclesiam
1794 2140 1837 2205 ab
1872 2135 1947 2204 aliis
1975 2141 2130 2225 gentibus
2154 2149 2188 2205 et

1199 2227 1532 2315 congregationibus.

1341 2556 1629 2646 Secundum
1674 2558 2051 2642 Testimonium.

1290 2774 1386 2840 Rom.
1417 2775 1448 2841 3.
1477 2773 1670 2862 principalis
1693 2777 1879 2861 propositio
1896 2775 1949 2840 bis
1972 2777 2086 2842 verbis
2108 2794 2190 2839 oon·

1205 2862 1362 2928 stituitur.
1396 2862 1522 2927 Omnes
1545 2873 1780 2948 peceaverunt,
1802 2878 1835 2928 et
1858 2875 1974 2929 carent
1996 2859 2189 2948 gloriaDel.

1205 2949 1424 3014 instiiicemur
1445 2961 1554 3014 eutem
1578 2943 1690 3023 Gratis
1713 2950 1818 3032 ipsius
1841 2950 1949 3036 gratie
1970 2971 2031 3034 per
2049 2947 2189 3012 Redem-

1205 3038 1342 3114 tionem,
1364 3056 1452 3122 quae
1474 3049 1526 3100 est
1549 3036 1582 3101 in
1605 3034 1740 3101 Christo
1763 3035 1857 3115 lesu,
1890 3056 1988 3122 quem
2016 3032 2191 3119 proposuit

1206 3121 1299 3187 Deus
1332 3123 1581 3207 propit'atorem
1615 3143 1676 3208 per
1709 3121 1822 3188 Fidem
1855 3124 1887 3188 in
1917 3123 2081 3209 sangnine
2104 3123 2189 3186 eiua.

1206 3209 1300 3275 initio
1323 3223 1360 3277 ut
1377 3211 1537 3275 ostendet
1558 3208 1710 3275 homines
1733 3230 1799 3275 non
1823 3229 1902 3275 esse
1922 3210 2031 3275 iustos
2054 3208 2191 3294 proprie

1206 3297 1377 3375 munditia,
1400 3298 1519 3384 iuquit,
1552 3297 1678 3362 (luaues
1702 3317 1781 3361 esse
1802 3317 1893 3375 reos,
1927 3309 1958 3361 et
1978 3315 2095 3360 carere
2118 3292 2191 3380 glo·

1206 3384 1255 3447 ria
1274 3383 1348 3462 Dei,
1369 3385 1402 3448 id
1427 3396 1490 3461 est,
1513 3385 1677 3468 sapientia
1700 3395 1732 3448 et
1754 3385 1887 3462 institia,
1929 3404 2004 3447 uam
2017 3381 2110 3447 Deus
2134 3401 2190 3464 ap·

1206 3471 1338 3555 probat,
1361 3490 1422 3534 seu
1442 3471 1532 3533 ducit
1553 3490 1631 3534 esse
1655 3468 1807 3556 gloriam,
1835 3491 1895 3535 seu
1953 3490 1994 3533 eo
2017 3468 2104 3551 ipso,
2129 3487 2191 3532 seu

1206 3556 1394 3639 praesentia
1417 3554 1480 3619 Dei
1503 3557 1536 3618 in
1560 3557 1668 3620 nobis.
1735 3555 1864 3621 Deinde
1896 3557 1988 3621 addit
2021 3553 2190 3639 quomodo

1205 3638 1476 3706 reconciliemur:
1508 3640 1740 3720 instificemur,
1774 3644 1805 3705 id
1835 3653 1900 3721 est,
1933 3641 2115 3727 accipimus
2139 3659 2190 3704 re·
2220 3721 2223 3727 Ι

1206 3728 1401 3792 missionem
1423 3740 1649 3813 peccatonrm,
1684 3739 1716 3792 et
1738 3740 1930 3812 reputemur
1952 3728 2029 3792 iusti
2053 3726 2113 3792 s‘eu
2135 3746 2190 3791 eo·

1206 3815 1294 3898 cepti
1317 3813 1443 3893 Gratis,
1465 3814 1570 3925 ipsius
1593 3816 1711 3900 gratia,
1729 3814 1763 3879 id
1787 3824 1851 3892 est,
1874 3814 2191 3901 misericordiagre·

1205 3901 1288 3965 tuita
1309 3914 1445 3986 propter
1466 3901 1647 3979 bimatum,
1670 3922 1768 3987 quem
1790 3903 1965 3986 proposuit
1993 3899 2089 3965 Deus
2113 3919 2194 3984 pro-

1205 3987 1402 4072 pitiatorem.
1448 3987 1551 4053 Addit
1573 4001 1697 4052 autern:
1731 3987 1950 4055 iustificatum
1966 3988 2001 4053 in
2024 3987 2189 4075 sangnine

1206 4075 1290 4154 eius,
1311 4075 1344 4138 id
1365 4085 1427 4153 est,
1448 4087 1585 4160 propter
1607 4075 1826 4140 obedientlam
1851 4077 1965 4161 ipsius.
2032 4075 2101 4139 Sed
2124 4072 2190 4138 hoc
2294 4076 2305 4097 ⁹

1197 4159 1402 4226 benennom
1425 4162 1506 4227 Fide
1527 4158 1688 4246 applicari
1711 4173 1855 4246 oportet.

1291 4347 1510 4415 statuendum
1533 4362 1585 4416 est
1605 4350 1717 4438 igitur,
1740 4351 1829 4437 quod
1852 4357 1989 4432 propter
2010 4345 2189 4432 huncpro·

1228 4436 1456 4517 itietorem,.et
1479 4436 1610 4523 quidem
1635 4448 1771 4523 propter
1793 4437 1865 4501 eius
1888 4433 2128 4511 obedientlam,
2151 4432 2190 4498 tl·
2248 4462 2250 4467 ·

1204 4459 1239 4588 hi
1261 4542 1341 4590 vere
1388 4524 1526 4608 ropitlus
1543 4526 1587 4589 sit
1607 4522 1717 4602 Deus,
1740 4543 1806 4587 non
1827 4534 1964 4607 propter
1974 4518 2062 4584 t'uam
2081 4518 2190 4625 'digrei-

1206 4621 1318 4675 tatem.
1363 4544 1455 4675 Plaec
1478 4608 1578 4674 Fides
1602 4622 1654 4674 est
1677 4607 1818 4687 lirlucia,
1842 4627 1927 4694 qnae
1950 4627 2063 4692 pacem
2086 4619 2120 4670 et
2141 4596 2190 4670 vl·

1206 4708 1272 4760 tam
1296 4698 1456 4762 cordibus
1478 4695 1586 4774 affert,
1621 4710 1657 4760 ut
1689 4715 1792 4780 supra
1815 4695 1856 4758 dc
1879 4694 1958 4758 i'ide
1982 4695 2103 4758 dictum
2126 4701 2190 4772 est,

1230 4803 1293 4857 uae
1315 4785 1348 4859 in
1359 4782 1436 4849 Deo
1448 4796 1596 4869 ,propter
1608 4780 1830 4849 dlediatorem
1843 4781 2035 4867 acquiescit.
2059 4779 2190 4845 Deinde

1206 4803 1334 4939 Parthus
1369 4868 1401 4935 in
1442 4882 1561 4975 quarto
1595 4869 1701 4955 capite
1732 4869 1873 4933 instituit
1907 4864 2189 4933 cortilernationeat

173 4957 320 5020 cordiam
345 4955 466 5035 Patris,
490 4955 663 5023 et'libcret
686 4978 749 5023 nos
772 4979 814 5023 ex
836 4953 1009 5021 doloribus
1032 4954 1154 5023 iniero·
1206 4954 1305 5033 buius
1325 4976 1388 5042 pro
1435 4957 1575 5043 artimus,
1596 4968 1631 5021 et
1652 4955 1837 5021 testimonia
1861 4975 1902 5018 ec
1919 4964 2190 5043 argumenta-re·
2291 4988 2296 4996 ·

171 5063 256 5131 rum,
278 5058 310 5107 et
334 5044 391 5107 dat
413 5045 571 5129 Spiritum
593 5057 757 5123 sanctum,
791 5064 832 5108 ac
864 5056 1058 5128 reputemur
1078 5043 1155 5108 iusti
1199 5055 1333 5146 censet.
1400 5042 1790 5137 ¹,rherumtestimonium
1810 5054 1954 5107 sumtum
1983 5053 2035 5105 est
2057 5060 2100 5105 cx
2123 5035 2190 5113 Ge·

161 5147 287 5197 aaran
308 5128 466 5229 Deo,;,id
480 5143 553 5223 pst,
573 5132 718 5219 ..accepti
745 5130 824 5222 'Deo
846 5131 1167 5219 propterpbedienr
1195 5149 1291 5225 pest,
1325 5122 1494 5227 ‚Htpepim
1512 5130 1668 5221 ostendet
1689 5125 1779 5219 heac
1799 5142 2003 5219 ,perpetuam
2025 5145 2104 5199 esso
2125 5120 2189 5218 lfa·
2301 5170 2306 5176 -
