4628 5588
154 160 200 231 28
230 210 236 217 ·
787 163 902 233 Pfflh.
923 165 1029 234 ldlila.
1051 165 1241 237 SCRIPTA
1256 167 1527 237 noemnca
1785 216 1791 225 .
2126 173 2173 241 at

155 349 244 417 bane
265 353 372 437 ipsam
394 356 439 419 oh
458 375 594 420 causam
616 357 776 421 immensa
797 358 1024 423 misericordia
1045 371 1135 443 pate·
1189 360 1250 437 tia,
1280 380 1366 445 quae
1392 355 1609 445 praelucente
1636 356 1702 425 fido
1729 372 1923 445 praestatur
1951 359 2043 438 Deo,
2078 362 2172 427 iuxta

156 435 236 505 lecit
252 437 347 504 Deus
369 442 622 525 promissionem
644 444 686 506 de
704 442 832 521 Gratia,
854 455 887 507 et
908 445 1066 528 imputata
1088 447 1136 508 iu·
1188 447 1299 511 omnia
1319 448 1486 524 mandata,
1508 445 1558 509 sie
1578 457 1615 510 ut
1636 467 1697 512 cor
1717 444 1859 513 laetetur
1879 449 1913 510 in
1932 444 2021 512 Deo.

155 526 247 589 stitia
268 539 404 609 propter
424 528 575 592 meritum
597 526 669 593 Filii
690 527 898 594 Mediatoris.
964 530 1007 594 Et
1039 528 1136 595 simul
1235 564 1239 569 -

155 609 194 675 fit
215 612 383 677 inchoatio
406 615 613 679 obedientiae
635 634 696 678 seu
709 612 949 680 conformitatis
961 639 1037 682 eum
1048 615 1135 696 Deo,

154 697 247 761 iuxta
268 699 392 764 dictum
411 699 443 764 2.
463 699 542 766 Cor.
565 699 596 763 3.
631 699 920 767 Translormamur
940 704 974 768 in
997 705 1135 769 eandem

154 782 344 870 imaginem,
366 798 524 872 tauquam
546 808 567 850 a
588 784 722 852 Domini
744 788 880 873 Spiritu.
1439 776 1532 861 Vll
1595 775 1910 890 Argumentum.
1949 869 1951 873 ,

1247 965 1358 1049 Mala
1389 994 1512 1077 opera
1542 965 1750 1049 damnant

433 1116 485 1200 V,
531 1117 847 1229 Argumentum,
1248 1085 1355 1197 Ergo
1396 1088 1506 1169 bona
1547 1086 1724 1189 salvant,
1770 1085 1864 1196 quia
1910 1042 2114 1171 contraria¹

1307 1208 1464 1289 habent
1495 1207 1714 1288 contrarios
1746 1207 1925 1288 effectus.

213 1340 327 1422 Deus
359 1341 560 1444 rustrficat,
615 1438 619 1443 .
1273 1386 1489 1472 Respondeo.
1534 1386 1721 1466 Contraria,
1743 1391 1772 1452 si
1796 1392 1862 1452 sint
1884 1390 2007 1473 pariter
2027 1389 2168 1474 integra,
2255 1374 2268 1385 ’

213 1456 327 1542 Deus
359 1472 422 1542 est
453 1462 624 1564 dilectio,
1186 1471 1311 1538 habent
1336 1476 1524 1538 contrarios
1549 1473 1698 1539 effectus.
1751 1473 1819 1539 Sed
1842 1473 1929 1539 mala
1962 1496 2063 1558 opera
2091 1485 2170 1539 sunt

1187 1561 1315 1644 integre
1337 1557 1435 1638 mala,
1458 1561 1547 1643 quod
1571 1561 1612 1623 de
1635 1582 1700 1624 non
1724 1562 1848 1625 renatis
1870 1561 2082 1625 manifestum
2105 1573 2169 1624 est.

1187 1645 1273 1709 Nam
1292 1647 1390 1709 etiam
1412 1647 1443 1708 in
1457 1645 1604 1709 Aristide
1628 1660 1660 1709 et
1672 1646 1830 1730 Scipione
1852 1660 1930 1712 sunt
1951 1666 2092 1732 magnae
2104 1650 2170 1712 vir·

1187 1743 1288 1807 tutes,
1312 1733 1389 1815 quia
1412 1733 1473 1794 nisi
1497 1743 1589 1796 esset
1609 1729 1803 1816 'aliquorum
1828 1737 2087 1818 gubernatorum
2113 1753 2169 1796 ex·

1188 1814 1314 1880 cellens
1335 1818 1443 1881 uirtus
1474 1830 1506 1881 et
1528 1820 1707 1900 sapientia,
1735 1840 1801 1881 non
1829 1831 1945 1903 posset
1974 1816 2170 1884 conservati

1186 1901 1329 1967 humana
1351 1905 1517 1967 societas:
1541 1902 1665 1967 Tamen
1688 1902 1751 1979 hae
1775 1907 1915 1969 virtutes
1933 1926 1999 1969 non
2017 1915 2095 1968 sunt
2110 1905 2169 1967 irn-

1186 1986 1287 2072 pletio
1309 1988 1424 2067 aecus,
1447 2001 1580 2053 manent
1603 1991 1641 2052 ⁴in
1663 1991 1770 2053 corde
1793 1994 1951 2055 tenebrae
1975 1991 2016 2054 de
2038 1990 2113 2054 Deo
2136 2000 2170 2055 et

1188 2076 1228 2139 de
1251 2074 1334 2138 Filio
1357 2040 1432 2153 het,
1456 2077 1680 2140 dubitationes
1704 2087 1736 2138 et
1757 2073 1915 2139 horrendi
1938 2077 2089 2141 fremitus
2112 2075 2169 2139 ad·

1188 2180 1307 2225 versus
1320 2160 1440 2224 Deum.
1474 2160 1605 2225 Deinde
1628 2161 1837 2226 manifestum
1859 2174 1933 2239 est,
1947 2165 2043 2226 etiarn
2067 2163 2100 2224 in
2118 2181 2168 2225 re·

1186 2248 1287 2325 natis,
1311 2267 1496 2331 quanquam
1521 2248 1621 2310 estin
1646 2251 1694 2311 eis
1717 2246 1871 2311 inchoata
1897 2249 2095 2326 obedientia,
2119 2259 2167 2311 ta·

1186 2353 1262 2396 men
1284 2354 1352 2395 nou
1382 2352 1459 2395 esse
1488 2335 1650 2418 integram
1678 2333 1779 2418 Legis
1809 2332 2042 2416 impletionem.
2088 2333 2166 2397 ldeo

1187 2420 1305 2481 dicitur
1326 2421 1358 2482 in
1383 2416 1533 2481 Psalmo:
1561 2419 1635 2482 Non
1665 2420 1896 2483 iustificabitur
1923 2422 1956 2483 in
1984 2430 2168 2501 conspectu

1187 2516 1243 2567 tuo
1267 2507 1373 2568 onrnis
1392 2506 1520 2569 vivens.
1554 2505 1596 2568 Et
1613 2505 1671 2569 lob
1689 2526 1761 2589 cap.
1779 2506 1810 2568 9.
1829 2509 1860 2569 in
1886 2508 1950 2571 uit:
1975 2504 2065 2569 Vere
2081 2506 2168 2583 scio,

1186 2591 1275 2674 quod
1298 2611 1364 2658 non
1387 2590 1584 2654 iustificetur
1605 2589 1705 2654 homo
1730 2612 1842 2664 coram
1901 2613 1951 2656 eo.
1997 2590 2079 2655 Cum
2108 2591 2168 2675 igi·

1184 2688 1240 2739 tur
1256 2679 1380 2739 nonsit
1398 2678 1526 2760 integra
1547 2679 1745 2755 ohedientia,
1768 2699 1835 2741 non
1855 2671 1944 2741 valet
1961 2697 2168 2761 consequen-

1186 2762 1247 2825 tia:
1271 2759 1361 2826 atala
1379 2783 1482 2845 opera
1501 2764 1666 2842 damnant,
1688 2762 1779 2849 Ergo
1798 2767 1886 2828 hona
1905 2785 2007 2848 opera
2024 2761 2167 2841 salvant,

1209 2848 1263 2911 uia
1286 2850 1454 2912 contraria
1476 2870 1542 2913 non
1567 2861 1643 2915 sunt
1667 2847 1832 2934 aequalia.
1878 2849 1970 2914 llaec
1993 2847 2167 2914 antithesis

1185 2869 1330 2997 illustrat
1351 2935 1548 2998 beneficium
1572 2934 1707 3013 Christi,
1731 2938 1785 3019 qui
1808 2937 1890 3021 tegit
1911 2934 2067 3020 reliquias
2091 2956 2168 3020 pec·

212 1579 321 1691 Ergo
353 1582 514 1663 dilectio
545 1582 774 1678 iustificat„

238 1760 453 1846 Respondeo.
499 1760 657 1828 Concedo
680 1776 802 1850 totum,
832 1765 859 1828 si
882 1765 955 1829 sine
977 1766 1162 1851 ambigui-t

153 1858 223 1912 tate
250 1848 481 1934 argumentum
511 1847 723 1934 intelligatur.
774 1849 870 1914 Deus
905 1863 958 1915 est
991 1850 1136 1930 dilectio,

154 1933 294 2010 scilieet,
318 1957 384 2020 qua
403 1957 465 1999 uos
483 1933 599 2020 diligit,
621 1938 654 2000 id
672 1948 734 2016 est,
757 1950 809 2000 est
831 1940 978 2001 essentia
997 1959 1076 2002 vere
1094 1960 1135 2002 ac

152 2022 243 2086 serio
263 2020 403 2106 diligens
425 2022 576 2085 homines
599 2037 735 2108 propter
758 2020 884 2086 Filium.
918 2024 960 2086 Et
982 2022 1068 2087 haec
1090 2026 1136 2087 di-

152 2102 265 2185 lectio,
288 2129 352 2191 qua
365 2108 456 2171 Deus
474 2128 537 2170 nos
557 2104 661 2191 diligit
679 2107 957 2191 propterFilium,
970 2110 1135 2174 iustificat.

152 2191 261 2255 Huius
283 2195 522 2276 propositionis
556 2191 752 2257 correlative
775 2206 841 2257 est:
873 2196 951 2257 Fide
979 2197 1135 2259 iustihca-

153 2300 238 2356 mur,
262 2280 291 2340 id
317 2291 380 2357 est,
398 2277 463 2342 hac
486 2279 563 2353 tide,
587 2300 653 2363 qua
674 2282 889 2365 agnoscimus
908 2294 939 2344 et
959 2283 1135 2345 statuimus

153 2383 218 2427 nos
241 2362 331 2448 diligi
353 2378 488 2450 propter
500 2362 627 2428 Filium.
661 2367 854 2430 Adversarii
877 2388 959 2438 vero
978 2369 1135 2452 cogitant,

152 2470 216 2514 uos
239 2451 346 2515 iustos
365 2472 441 2517 esse
465 2449 651 2537 dilectione,
671 2474 735 2536 qua
757 2451 857 2516 homo
886 2451 992 2541 diligit
1014 2453 1133 2520 Deum.

424 2782 496 2866 Vt.
520 2783 843 2894 Argumentum.

214 2970 399 3053 vntum
459 3001 542 3053 ¹¹0¹]
598 2983 694 3055 sunt
748 2973 1070 3079 ⁰⁰nfund⁰ndaer
1185 3021 1249 3082 eati
1272 3020 1304 3083 in
1327 3022 1467 3098 renatis,
1490 3022 1579 3085 iturta
1602 3023 1741 3086 dictum:
1774 3024 1868 3087 Beati
1881 3044 2031 3107 quorum
2053 3023 2168 3086 remis·

272 3121 366 3173 oum
382 3092 530 3173 Paulus
553 3092 771 3175 discernat:
804 3095 934 3198 Fides,
960 3094 1071 3206 Spes,
1183 3125 1243 3172 sae
1266 3116 1343 3170 sunt
1369 3103 1557 3189 iniquitates
1583 3119 1617 3173 et
1638 3130 1779 3193 quorum
1802 3121 1888 3172 tecta
1910 3121 1987 3173 sunt
2016 3120 2167 3192 peccata,

271 3209 445 3292 Dilectio
488 3213 564 3294 tria
595 3216 697 3295 haee
747 3216 821 3296 sed
850 3215 979 3297 maior
1009 3217 1071 3297 in·
1183 3191 1216 3254 id
1239 3203 1303 3268 est,
1325 3193 1431 3255 renati
1454 3191 1587 3275 placent
1609 3209 1745 3278 propter
1756 3194 1974 3259 lllediatorem
1998 3198 2075 3272 lide,
2099 3215 2168 3258 non

448 3275 457 3313 ²
512 3332 520 3347 ,
605 3334 613 3350 ,
706 3278 715 3317 ’
794 3355 797 3359 Ι
1183 3290 1321 3360 propter
1338 3280 1506 3362 propriam
1520 3281 1724 3366 dignitatem,
1767 3283 1820 3344 nia
1840 3280 2166 3346 inchoataobedieu-

270 3343 334 3413 ἘΘΓ
363 3331 438 3413 has
468 3332 652 3434 Dllecho,
1179 3365 1229 3440 ⁸tia
1250 3363 1359 3429 adhuc
1380 3356 1498 3448 proiml
1519 3369 1619 3433 abest
1640 3391 1661 3432 a
1681 3388 1723 3450 pe
1756 3370 1884 3431 ectione
1907 3367 2018 3452 Legis.

131 3451 986 3565 ‚ffimmmmmffl

210 3571 319 3683 Ergo
350 3572 499 3655 fiducia
530 3586 593 3655 est
624 3573 944 3656 discemenda'a
974 3575 1085 3658 Fide.

1650 3540 1656 3549 κ

1408 3773 1410 3776 -
1445 3713 1555 3796 VIII.
1588 3683 1902 3825 Argumentum.

237 3786 440 3869 Respondeo
463 3789 505 3851 ad
527 3789 697 3853 maiorem.
741 3789 867 3854 Verum
891 3801 962 3868 est,
992 3793 1132 3856 virtutes
1154 3728 1159 3868 l

151 3892 219 3940 non
242 3892 321 3935 esse
344 3871 607 3952 confundendam
629 3877 690 3939 sed
709 3888 801 3940 recte
823 3873 1039 3960 intelligenda
1055 3878 1159 3959 sunt}
1277 3942 1279 3946 ,
1403 3935 1411 3952 ,
1446 3936 1453 3952 ,
1888 3939 1890 3942 ,
2093 3942 2101 3958 ,

105 4028 108 4033 ,
152 3959 353 4024 discrimina.
391 3957 475 4021 Nam
492 3960 591 4023 Fides
614 3981 681 4026 non
704 3974 756 4024 est
777 3973 902 4025 tantum
926 3964 1051 4041 notitia,
1073 3962 1160 4028 sed¹
1244 3935 1496 4045 Imposslblle
1526 3949 1588 4018 Ost
1610 3966 1727 4018 UOSSC
1750 3939 2001 4022 voluntatem
2025 3941 2104 4024 Del

152 4058 205 4110 est
238 4042 337 4108 simul
366 4046 521 4108 assentiri
551 4048 780 4128 promissioni,
808 4049 842 4110 in
865 4069 930 4131 qua
953 4048 1133 4139 offeruntur
1305 4085 1401 4165 erga
1432 4085 1505 4138 nos
1548 4057 1663 4139 iuxta
1684 4058 1856 4140 dictum:
1890 4058 1990 4162 Quis
2005 4091 2103 4143 con·

150 4133 305 4195 remissio
327 4142 552 4213 peccatorum‚
572 4130 810 4224 reconciliatiO,
833 4133 967 4198 deiratio
991 4135 1132 4218 Spiritus
1327 4177 1361 4193 ..
1412 4176 1420 4193 .
1507 4120 1537 4193 ’.
1666 4178 1674 4194 .
1701 4176 1719 4235 9

151 4218 262 4281 sancti
285 4228 318 4280 et
336 4219 423 4290 vitae
439 4229 605 4279 aeternae.
634 4215 676 4280 Et
699 4229 751 4282 est
772 4217 893 4283 fiducia
914 4221 1132 4303 acquiescens
1304 4177 1470 4259 Slllarlus
1502 4206 1587 4258 elus
1618 4177 1715 4262 furt.

150 4303 185 4366 in
213 4301 288 4366 Deo
317 4313 455 4387 propter
482 4302 715 4383 Mediatorem,
756 4305 920 4368 accedeus
947 4307 990 4368 ad
1011 4305 1131 4386 Deum,
1244 4291 1421 4379 Credere
1469 4297 1580 4404 quod
1623 4299 1776 4380 habeas
1827 4301 2103 4385 remissionem
2178 4302 2197 4355 ⁴

149 4389 996 4560 t...³.?⁰⁰tt⁰tt.'tittt‘ttttstt'ttttt
1017 4394 1133 4543 tlt
1302 4429 1573 4528 umerum
1605 4431 1668 4501 θεῖ
1694 4420 1845 4528 dauid
1872 4449 2102 4504 asseverare

151 4560 280 4623 sionem
301 4573 515 4642 peccatorum
542 4573 574 4626 et
602 4560 924 4641 reconciliationem,
950 4573 981 4626 et
994 4562 1131 4628 'fidncia
1302 4549 1345 4620 et
1370 4535 1572 4619 affirmare
1594 4540 1646 4621 de
1671 4541 1879 4623 voluutate
1903 4540 1982 4623 Del
2005 4573 2102 4654 erga
2184 4596 2189 4603 ·

149 4646 340 4729 praesentis
363 4647 525 4711 beneficii.
559 4648 628 4712 Sed
650 4667 730 4732 spes
753 4660 805 4711 est
828 4662 921 4712 certa
943 4652 1129 4733 expectatio
1300 4684 1375 4739 nos

150 4730 240 4795 vitae
262 4743 436 4809 aeternae,
459 4733 564 4816 gratis
587 4735 715 4797 dandae
742 4746 880 4818 propter
901 4734 1131 4816 blediatorem,
1377 4720 1389 4792 ἶ
1423 4777 1432 4793 ·
1700 4781 1708 4796 ·
1785 4811 1794 4829 η
1838 4781 1846 4798 ·
1990 4783 1998 4800 ·
2033 4783 2068 4800 ··

78 4816 83 4827 '
150 4825 184 4880 et
196 4827 250 4880 est
267 4819 453 4898 expectatio
465 4818 676 4902 mitigationis
695 4840 876 4903 poenarum
895 4820 1129 4905 corporalium,
1241 4775 1357 4869 Haec
1378 4789 1501 4887 ¹g¹tur
1521 4776 1736 4861 affirmabo
1753 4793 1815 4863 ebt
1835 4783 2101 4895 lmposslbllls.

149 4901 241 4973 iuxta
261 4899 467 4967 voluntatem
488 4901 563 4967 Dei.
607 4903 691 4970 Cum
714 4906 815 4992 igitur
841 4907 961 4971 fiducia
984 4909 1130 4972 nomina·

118 5008 121 5015 ·
150 4997 204 5052 tur
225 4998 324 5053 actus
346 4989 429 5073 spei,
452 4986 645 5074 intelligitur
657 4990 793 5057 Fiducia
814 4990 945 5058 futurae
962 4990 1129 5059 liberatio·
1262 4993 1480 5081 „Respondes
1530 4995 1623 5061 llaec
1645 4997 1654 5060 i
1679 5016 1718 5061 sa
1741 4998 1931 5084 imaginatio
1958 4999 2162 5075 Academica

149 5075 215 5155 nis,
236 5093 298 5142 seu
318 5070 448 5140 laturae
470 5075 696 5163 mitigationis.
728 5076 875 5145 Dilectio
898 5090 951 5145 est
972 5081 1129 5146 obedieu-
1180 5099 1244 5145 seu
1273 5078 1461 5168 Pyrrhonia
1492 5084 1637 5151 omnium
1691 5085 1855 5149 ominum·
1874 5096 2003 5151 mantea
2037 5088 2159 5157 turbat
