4628 5588
6 251 8 255 ¹
130 152 196 221 aar
764 148 880 216 rou.
901 124 1210 216 nuussscmrrn
1231 116 1513 253 uosnnucn
1673 91 1695 138 ⁶
2080 148 2146 218 crs
2228 199 2231 204 .

129 345 274 410 motivae
305 337 465 426 reliquam
493 340 528 405 in
551 338 619 406 hac
641 341 825 427 depravata
848 353 975 406 natura.
1020 336 1115 405 ilaec
1165 336 1307 426 calogns
1329 349 1421 405 recte
1441 336 1650 420 intellectus,
1682 338 1717 404 id
1739 351 1810 419 est,
1832 335 2048 407 conformitas
2070 360 2146 409 cum

130 425 220 497 falsa
252 429 440 515 imaginatio
475 428 516 492 de
544 438 683 492 externa
716 427 905 493 obedientia
939 427 1115 491 damnatur
1165 426 1327 512 sapientia
1360 436 1394 491 ει
1420 426 1537 493 ordine
1563 428 1597 491 in
1625 437 1735 492 mente
1765 425 1886 493 divina.
1935 425 2032 493 Aliae
2060 428 2145 494 duae

131 514 198 583 boc
220 518 368 581 decreto.
411 512 599 580 Anathema
621 515 683 593 sit,
717 514 772 600 qui
802 514 881 578 dicit
902 513 1026 600 Legem
1048 510 1114 576 Dei
1164 525 1277 596 partes
1300 523 1385 593 suntv
1398 509 1567 597 politicae,
1590 510 1745 578 videlicet
1767 511 2005 579 Ceremonialis
2028 526 2061 580 et
2082 515 2109 580 F
2111 537 2146 580 o-

129 599 349 690 impossibilia
359 603 562 686 praecipere,
584 599 714 666 scilicet
741 602 776 665 in
797 612 934 666 externa
959 597 1115 664 obedien·
1165 598 1274 664 rensis
1298 618 1370 668 seu.
1381 597 1555 680 iudicialis,
1578 601 1659 664 utin
1678 596 1798 664 Politia
1818 598 1930 682 llloisi,
1952 611 2066 667 certae
2083 598 2146 666 Ce-

131 689 188 770 da,
205 709 269 755 seu
289 691 323 754 iu
342 699 480 754 externo
504 699 613 775 gestu.
648 684 834 774 colligatur
855 706 998 774 magnus
1020 705 1113 750 acer·
1164 686 1391 771 remoniaelet
1411 683 1542 773 Leges,
1564 687 1607 751 de
1628 686 1839 751 distinctione
1858 683 2072 767 facultatum,
2103 689 2146 754 de

131 797 195 843 ons
217 776 414 859 optimarum
447 774 725 851 admonitionum,
758 793 844 859 quae
867 769 968 838 simul
988 772 1032 836 de
1054 791 1114 836 no·
1165 769 1307 851 delictis,
1328 773 1469 852 iudiciis,
1492 784 1526 839 et
1548 773 1666 859 poeuis
1689 791 1868 860 corporum
1895 773 2050 840 divinitus
2079 784 2146 840 tra·

131 873 204 930 oua
224 861 413 927 infirmitate
434 858 633 947 loquuntur,
667 871 701 924 et
722 861 837 926 iubent
857 871 973 967 petere
995 879 1016 924 a
1037 855 1113 924 Deo
1165 860 1253 926 ditae
1274 870 1362 924 sunt.

131 946 287 1017 auxilium
310 959 342 1013 et
365 946 551 1021 consilium.
597 947 740 1013 llierem.
768 945 820 1011 10.
850 947 930 1012 bcio
958 943 1114 1022 Domine,
1247 1001 1249 1004 Α
1579 1014 1581 1016 ,

130 1056 199 1105 uon
222 1035 427 1101 esthominis
450 1035 505 1100 via
528 1035 609 1099 eius.
633 1032 795 1100 Proverb.
808 1033 860 1099 16.
882 1029 951 1098 Cor
971 1030 1113 1098 hominis
1250 1028 1473 1097 Tenendaest
1488 1041 1598 1098 autem
1608 1027 1744 1119 regula:
1769 1029 1863 1097 Sicut
1874 1027 1990 1119 politia
2011 1032 2147 1101 ludaica

132 1140 174 1200 eo
200 1122 379 1200 latriam,
402 1116 463 1186 'sed
474 1119 637 1187 Dominus
659 1118 834 1185 confirmat
855 1138 1008 1208 gressum
1030 1118 1113 1182 eius·
1165 1115 1274 1184 deleta
1297 1129 1365 1199 est,
1397 1117 1441 1183 ita
1463 1129 1497 1183 et
1525 1115 1738 1184 ceremonias
1767 1129 1802 1183 et
1830 1117 1999 1185 Forenses
2020 1119 2148 1228 Leges,

130 1204 159 1277 Τ
193 1208 225 1273 ia
246 1209 336 1274 dicta
357 1209 527 1274 continent
549 1218 580 1272 et
609 1206 793 1272 doctrinam
816 1205 1059 1284 necessariam,
1080 1212 1115 1269 et
1165 1224 1252 1291 quac
1274 1224 1341 1269 non
1364 1216 1442 1269 sunt
1463 1201 1652 1285 naturales,
1675 1201 1803 1270 deletos
1826 1225 1921 1286 esse,
1943 1225 2008 1274 nec
2029 1205 2147 1295 ullrga·

105 1290 343 1376 dulcissimas
363 1291 626 1360 consolationes.
671 1290 807 1358 Docent
827 1289 919 1377 aliud
948 1311 1025 1357 esse
1047 1287 1114 1355 ele·
1164 1303 1231 1356 tam
1254 1309 1332 1357 esse
1353 1288 1539 1357 Ecclesiam
1561 1291 1605 1356 ad
1626 1289 1840 1358 Ceremoniae
1862 1289 2031 1359 Leviticae
2038 1340 2049 1373 ,
2081 1314 2148 1360 nee

31 1430 33 1434 ι
131 1374 285 1460 ctionem,
306 1390 341 1446 et
361 1377 453 1446 aliud
465 1391 630 1461 eventum,
651 1391 688 1444 ut
709 1376 800 1445 aliud
822 1391 875 1445 est
897 1374 1015 1445 electio
1033 1373 1113 1444 belli
1163 1378 1208 1443 ad
1245 1376 1358 1464 Leges
1403 1376 1584 1458 Forenscs,
1627 1398 1714 1464 quae
1753 1395 1820 1443 non
1859 1389 1938 1444 sunt
1964 1377 2147 1446 naturales.

129 1466 165 1533 in
186 1464 359 1551 Pompeio,
380 1462 470 1534 aliud
493 1478 649 1545 eventus,
677 1487 720 1531 ac
740 1465 949 1531 manifestum
968 1474 1037 1542 est,
1070 1462 1113 1528 ad
1164 1462 1258 1528 llaec
1280 1464 1432 1529 doctrina
1454 1484 1616 1550 expresse
1636 1464 1759 1530 tradita
1781 1475 1833 1531 est
1861 1466 1895 1530 in
1917 1464 2015 1532 Actis
2037 1466 2148 1554 capite

131 1564 286 1623 eventum
316 1553 437 1639 requiri
458 1550 581 1619 multas
604 1572 726 1619 causas
752 1565 848 1618 extra
868 1570 943 1617 nos.
986 1549 1024 1615 ln
1047 1545 1113 1616 ele·
1166 1549 1218 1615 15.
1235 1561 1271 1616 ει
1291 1551 1325 1615 in
1346 1548 1499 1636 Epistola
1519 1553 1562 1618 ad
1585 1548 1726 1618 Galatas
1744 1560 1779 1617 et
1799 1547 1888 1617 alibi.

132 1639 244 1708 ctione
262 1640 361 1706 etiam
382 1659 485 1726 saepe
503 1650 555 1706 est
577 1660 672 1705 error
684 1637 826 1704 consilii.
859 1638 1026 1702 Interdum
1039 1657 1114 1702 cum
1597 1636 1599 1641 '

130 1737 301 1793 nonemat
319 1723 505 1805 consilium,
526 1737 563 1793 ut
583 1716 651 1793 uon
664 1721 1001 1792 errabantlsratlitae
1023 1742 1115 1787 arma
1251 1720 1314 1787 Hic
1346 1734 1457 1790 antem
1485 1724 1766 1792 considerandum
1787 1734 1857 1808 est,
1890 1734 1925 1789 ει
1951 1745 2055 1810 quare
2087 1722 2148 1792 illa
2264 1794 2278 1814 ,

21 1854 31 1869 ·
132 1812 302 1914 capientes
325 1825 444 1879 contre
464 1812 648 1892 Beniamin,
669 1824 779 1880 tamen
798 1832 900 1897 saepe
921 1812 1018 1876 iustis
1036 1828 1116 1874 con·
1165 1807 1280 1894 politia
1303 1811 1481 1877 constituta
1502 1811 1563 1889 sit,
1595 1822 1629 1875 ct
1655 1830 1761 1897 quare
1783 1808 1998 1876 Ceremoniae
2028 1824 2061 1876 et
2082 1813 2148 1878 Fo-

130 1896 216 1964 silris
239 1920 306 1963 non
328 1920 384 1963 res
410 1901 535 1965 ondent
551 1913 691 1966 eventus
715 1919 777 1984 pro
802 1910 852 1965 ter
873 1894 957 1963 alias
980 1915 1115 1974 causas,
1165 1915 1283 1960 renses
1298 1892 1353 1960 'Le
1377 1915 1415 1961 es
1438 1896 1581 1962 traditae
1610 1898 1688 1962 sint.
1731 1893 1898 1962 lohannes
1926 1897 2149 1964 eruditissime

129 1995 268 2071 propter
289 2005 374 2071 quas
385 1921 480 2052 licus
502 1982 588 2051 alios
611 1987 717 2051 exitus
741 1921 864 2066 tribuit,
886 2005 983 2071 quam
997 1980 1114 2069 quales
1165 1982 1342 2047 discernit:
1414 2004 1438 2048 x
1455 2003 1521 2134 per
1541 1983 1673 2049 bloiscu
1696 1982 1773 2048 data
1794 1994 1858 2064 est,
1881 1985 1988 2070 gratia
2010 1995 2043 2049 et
2061 1986 2148 2050 veri·

130 2090 199 2138 non
231 2071 352 2138 iniuste
385 2072 572 2139 ratiocinati
591 2093 735 2138 eramus.
779 2070 872 2138 llaec
904 2069 1015 2135 omnia
1043 2065 1116 2134 vult
1164 2080 1218 2133 tas
1240 2089 1303 2153 per
1324 2068 1432 2134 lesum

131 2177 196 2223 nos
218 2155 314 2224 Deus
336 2158 563 2224 considerare.
608 2157 753 2225 Primum
775 2163 818 2224 n'e
840 2156 962 2222 fiducia
983 2167 1116 2220 nostra·
1166 2156 1290 2219 missus
1313 2166 1387 2234 est,
1412 2166 1449 2220 ut
1475 2153 1584 2221 deleto
1613 2168 1754 2243 peccato
1782 2167 1816 2221 et
1836 2153 1947 2222 deleta
1968 2169 2074 2222 morte
2096 2178 2149 2223 re·

131 2264 206 2311 rum
228 2244 347 2310 virium
369 2246 590 2330 suscipiamus
601 2245 723 2309 iniusta
744 2255 800 2309 aut
821 2263 890 2309 non
911 2242 1115 2319 necessario,
1167 2242 1344 2306 stituantur
1364 2243 1398 2305 in
1419 2243 1519 2306 nobis
1540 2253 1676 2308 aeterna
1693 2243 1794 2322 bona,
1815 2243 1939 2308 iustitia
1960 2253 1994 2307 et
2006 2244 2074 2309 vita
2091 2264 2148 2310 ae·

132 2328 264 2396 Deinde
284 2341 322 2396 ut
344 2331 442 2396 etiam
464 2332 497 2396 in
520 2333 633 2396 causis
654 2331 752 2397 iustis
780 2340 814 2395 ει
834 2329 1037 2394 necessariis
1058 2346 1115 2410 pe·
1166 2335 1272 2408 terna,
1301 2329 1390 2394 sicut
1411 2340 1444 2392 ct
1464 2326 1589 2394 Daniel
1610 2329 1728 2415 inquit:
1757 2327 1938 2395 Peccatum
1960 2332 2150 2416 expiabitur

132 2425 242 2482 tamus
265 2413 438 2483 consilium
461 2427 495 2482 et
516 2415 672 2487 auxilium
695 2438 716 2482 a
736 2414 830 2494 Deo,
859 2417 951 2480 iuxta
977 2414 1115 2479 dictum:
1161 2425 1201 2478 et
1224 2411 1399 2494 delebitur,
1422 2425 1456 2481 ει
1477 2415 1662 2482 adducetur
1683 2425 1820 2481 aeterna
1841 2416 1973 2482 iustitia.

52 2497 64 2509 ‘
132 2497 435 2570 CommendaDeo
457 2503 544 2570 viam
567 2514 674 2585 tuam,
696 2504 965 2589 speraineum,
987 2500 1114 2584 etipse
1535 2547 1538 2554 -

132 2582 245 2654 faciet.
287 2588 361 2653 Nec
381 2602 561 2675 propterea
582 2591 751 2675 sequitur,
779 2587 907 2655 nullam
934 2606 1013 2653 esse
1036 2605 1114 2653 con·
1254 2583 1394 2651 Constat
1426 2598 1538 2652 antem
1560 2585 1775 2653 Ceremonias
1808 2598 1840 2653 ει
1866 2588 1951 2654 ritus
1972 2586 2149 2671 ¹Forenscs

133 2675 341 2760 tingendam,
365 2677 475 2742 omnia
497 2675 569 2742 deri
580 2677 694 2742 Stoica
704 2678 917 2754 necessitate,
938 2673 1115 2740 humanam
1166 2689 1234 2736 nou
1255 2691 1334 2737 esse
1354 2693 1411 2738 res
1434 2686 1604 2754 aeternas,
1628 2673 1706 2740 ldco
1728 2672 1916 2739 firmissime
1937 2677 2151 2742 statuendum

131 2757 337 2842 voluntatem
357 2761 484 2828 babere
507 2783 546 2827 se
567 2773 605 2828 ιιι
625 2774 796 2842 truncum,
819 2773 871 2830 ute
894 2781 970 2827 cum
991 2755 1115 2843 loseph
1166 2769 1230 2838 est,
1248 2757 1464 2826 Ceremoniae
1488 2770 1521 2827 et
1543 2762 1627 2826 ritus
1638 2758 1807 2827 Forenses
1829 2781 1897 2826 non
1920 2781 1998 2827 esse
2019 2763 2150 2830 institu-

131 2842 217 2934 tagit
239 2844 441 2928 adulteram,
468 2850 596 2934 regitur
641 2850 751 2915 uidem
776 2859 811 2914 et
832 2847 1017 2915 cusmditur
1037 2842 1115 2911 luce
1164 2855 1231 2924 tos,
1252 2857 1288 2910 ut
1310 2858 1498 2913 mereantur
1520 2848 1748 2919 remissionem
1769 2856 2004 2931 peccatorum,
2026 2869 2088 2914 seu
2111 2863 2150 2915 ut

132 2934 336 3001 accensam
357 2935 429 3003 etus
451 2946 562 3000 mente
583 2869 709 2999 al‘ilio
726 2932 804 3012 Dei,
826 2946 860 2998 et
882 2953 942 2998 cor
963 2933 1115 2999 accendi·
1166 2945 1283 2997 essent
1311 2933 1451 3012 iustitia,
1486 2955 1553 3020 qua
1591 2933 1743 2998 homines
1777 2954 1890 2999 coram
1922 2931 1997 3001 Deo
2033 2947 2150 3001 essent

134 3024 188 3087 tur
210 3040 231 3084 a
253 3021 376 3103 Spiritu
400 3032 535 3086 sancto=
563 3019 606 3085 Et
632 3031 744 3086 tamen
770 3017 926 3086 voluntas
949 3020 1020 3085 eius
1047 3038 1116 3084 uon
1166 3019 1256 3098 iusti,
1278 3040 1339 3084 seu
1360 3032 1396 3085 ut
1419 3032 1536 3084 essent
1556 3017 1639 3086 illud
1658 3022 1792 3099 bonum,
1814 3030 1953 3107 propter
1964 3023 2055 3107 quod
2067 3043 2148 3087 veu-

132 3116 186 3172 est
207 3107 328 3183 otiose,
351 3126 389 3170 sc
414 3107 501 3170 uitur
522 3106 706 3172 trahentem
718 3106 874 3190 Spiritum
896 3117 1060 3184 sanctum,
1082 3114 1116 3169 et
1167 3116 1263 3171 turus
1285 3116 1356 3170 erat
1377 3103 1533 3171 Messias.
1579 3106 1692 3181 Quare
1722 3116 1755 3171 et
1782 3107 1816 3171 in
1838 3104 1992 3191 Epistola
2018 3107 2060 3173 ad
2082 3108 2149 3173 He·

133 3188 253 3263 volens
283 3192 365 3257 vitat
393 3193 405 3255 i
432 3194 572 3257 ecebras
605 3203 638 3258 ει
664 3192 873 3276 perniciosas
903 3193 1113 3257 occasiones.
1166 3192 1289 3255 brucos
1313 3191 1448 3257 dicitur:
1478 3187 1687 3279 impossibile
1708 3189 1768 3258 fuit
1790 3194 1956 3281 sanguine
1977 3203 2148 3261 taurorum

132 3275 307 3347 lsradlitae
339 3277 459 3342 iustam
488 3288 521 3342 et
550 3279 777 3344 necessariam
815 3298 951 3345 causam
990 3274 1117 3342 habent
1166 3270 1270 3341 deleri
1291 3288 1441 3362 peccate.

133 3359 213 3431 belli
237 3373 354 3429 contra
374 3363 567 3428 Beniamin:
589 3364 713 3431 Tamen
736 3375 876 3437 eventus
896 3365 989 3430 initio
1000 3365 1115 3429 tristes

133 3462 222 3517 suut.
256 3449 335 3516 ldeo
357 3451 437 3516 dicit
458 3447 630 3517 Salomon:
649 3451 716 3516 Cor
733 3448 874 3516 hominis
893 3472 934 3516 co
960 3451 1115 3516 ‘totviam
1253 3447 1339 3522 Quid
1360 3450 1462 3536 igitur
1483 3448 1617 3518 fuerunt
1638 3449 1855 3521 Ceremoniae
1877 3463 1911 3518 et
1928 3453 2010 3518 ritus
2023 3452 2149 3520 Foren-

133 3555 240 3616 suam,
262 3537 324 3601 sed
333 3535 430 3603 Deus
453 3535 631 3603 confirmat
650 3557 802 3626 gressus,
822 3548 860 3603 ut
876 3536 921 3602 ibi
957 3533 1116 3602 sraelitae
1167 3534 1246 3601 sesi
1299 3533 1512 3622 Respondeo.
1567 3536 1714 3603 Fuerunt
1746 3536 1835 3604 illius
1865 3534 2001 3623 politiae
2040 3537 2150 3608 forma

133 3623 322 3703 vincuntur,
344 3622 422 3709 quia
443 3635 583 3690 eventus
604 3645 673 3690 non
694 3624 824 3689 iuvatur
845 3621 963 3690 aDeo.
1008 3623 1116 3688 losias
1167 3619 1427 3689 seu-vinculum.
1471 3622 1588 3690 Voluit
1609 3624 1696 3688 enim
1716 3623 1812 3690 Deus
1840 3621 2003 3712 singulari
2022 3628 2148 3693 benefi-

133 3708 233 3781 etlam
264 3710 311 3775 iu·
338 3708 482 3776 consilio
516 3722 623 3791 errat,
662 3708 789 3795 fuitque
821 3720 993 3795 spectator
1024 3707 1114 3775 illius
1168 3709 1221 3774 cio
1244 3720 1370 3774 certam
1391 3707 1538 3796 politiam
1561 3710 1779 3791 constituere,
1808 3722 1842 3777 et
1862 3732 1883 3776 a
1901 3713 2044 3777 caeteris
2067 3734 2148 3800 gen·
2218 3758 2221 3767 ι

133 3815 275 3881 uragnae
298 3792 507 3862 calamitatis.
552 3795 707 3862 ieremias
730 3795 851 3883 inquit:
873 3797 949 3863 Soio
960 3794 1115 3876 Domine,
1167 3797 1256 3860 tibtrs
1278 3814 1450 3879 separare,
1484 3808 1519 3861 ut
1540 3809 1670 3863 certum
1691 3809 1798 3878 esset,
1827 3818 1957 3884 exque
1986 3811 2085 3885 gente
2113 3813 2148 3867 et

134 3882 300 3967 quianon
322 3893 376 3946 est
396 3879 539 3947 hominis
561 3885 615 3949 via
637 3886 720 3962 eius,
742 3883 776 3948 id
798 3893 862 3959 est,
883 3884 1030 3962 vocatio,
1052 3881 1115 3948 sed
1168 3882 1281 3966 stirpe,
1304 3882 1337 3946 in
1361 3903 1426 3967 quo
1448 3879 1525 3948 loco
1547 3894 1659 3948 terrae
1681 3881 1784 3949 vellet
1804 3885 1900 3949 nasci
1923 3881 2090 3964 Christus
2114 3899 2149 3956 et

135 3967 182 4035 ita
203 3977 257 4033 est
278 3963 395 4042 foelix,
428 3988 504 4033 cum
527 3981 560 4035 et
583 3967 722 4034 consilia
744 3965 1114 4036 salutariaDeusmon·
1166 3967 1223 4034 ubi
1245 3968 1428 4036 andiendus
1451 3980 1557 4048 esset,
1574 3971 1630 4034 ubi
1653 3971 1841 4036 testimonia
1863 3971 1905 4036 de
1925 3969 2001 4055 ipso
2020 3971 2148 4045 exhibi-

119 4063 236 4133 strat,
266 4063 302 4119 et
351 4053 466 4119 reebet
487 4057 560 4139 ipse
582 4056 751 4120 secundos
765 4065 931 4134 eventus,
954 4054 1044 4120 iuxta
1066 4054 1114 4119 di·
1165 4065 1261 4119 turus
1278 4069 1381 4136 esset,
1410 4056 1467 4143 ubi
1496 4057 1638 4121 subinde
1670 4058 1869 4143 repetiturus
1902 4068 1937 4122 et
1963 4055 2148 4127 illustratu-

133 4151 202 4207 cta:
223 4140 296 4206 Nisi
317 4075 483 4208 Dominus
503 4141 694 4207 custodierit
716 4141 897 4221 ciuitatem,
919 4138 1044 4207 trustra
1066 4142 1113 4207 vi·
1165 4159 1224 4222 rus
1252 4152 1344 4206 esset
1371 4143 1644 4227 promissionem,
1670 4153 1702 4208 et
1726 4143 1915 4210 testimonia
1935 4154 2148 4228 ostensurus,

1485 2069 1624 2135 hristum
1650 2067 1741 2135 iacta
1762 2082 1831 2149 est,
1858 2070 1891 2135 id
1914 2082 1978 2151 est,
2001 2071 2147 2138 lllessias

132 4324 158 4378 n
249 4227 306 4332 qui
326 4216 472 4380 cuspodit
492 4249 577 4295 eam.
610 4227 702 4312 item,
724 4225 889 4294 Dominus
911 4228 968 4294 det
983 4227 1114 4311 sapien·
1162 4238 1202 4380 Bt
1241 4227 1384 4295 sciretur
1423 4229 1680 4313 promissionem
1713 4249 1793 4295 rere
1826 4230 1979 4297 traditam
2012 4251 2091 4299 esse
2124 4254 2146 4300 a

158 4333 213 4379 um
234 4325 375 4399 saplenti
399 4335 451 4382 us.
952 4378 954 4382 ,
1197 4332 1250 4379 eo.
1983 4351 1986 4355 ·

1251 4482 1421 4551 Praedixit
1453 4487 1551 4552 etiam
1578 4486 1725 4554 exhibito
1758 4484 1905 4568 Messio,
1938 4500 1972 4554 et
1999 4493 2147 4558 ostensis

1165 4573 1364 4639 testimoniis
1385 4572 1643 4641 resuscitatione
1665 4584 1870 4643 mortuorum
1897 4586 1931 4640 et
1952 4572 2026 4641 aliis
2048 4568 2147 4644 mira·

1166 4655 1263 4745 culis,
1285 4657 1385 4725 linem
1402 4658 1477 4726 iore
1497 4656 1633 4747 politiae
1653 4659 1844 4743 Mosaicae,
1867 4672 1900 4728 et
1920 4657 2083 4743 futurum,
2110 4674 2149 4730 ut

377 4730 453 4816 DE
483 4729 628 4820 LEGE
657 4729 875 4818 DIVINA.
1165 4742 1384 4831 Evangelium
1406 4746 1493 4812 inter
1510 4759 1629 4834 gentes
1651 4759 1885 4835 spargeretur,
1914 4759 1947 4813 et
1969 4744 2048 4814 colli
2074 4771 2147 4817 ere·

729 4891 731 4895 ι
808 4915 814 4925 .
1041 4908 1043 4913 ,
1166 4840 1220 4896 tur
1241 4843 1380 4899 aeterum
1400 4829 1556 4900 Ecclesia
1577 4854 1620 4900 ex
1640 4833 1773 4901 ludaeis
1795 4847 1828 4900 ει
1850 4835 2014 4922 gentibus.
2050 4771 2148 4904 llaec

1115 4930 1121 4948 ’
1165 4916 1241 4983 ideo
1287 4919 1435 4986 raedicta
1455 4931 1545 5001 sunt,
1566 4932 1604 4987 ut
1615 4921 1768 5002 sciretur,
1790 4920 2044 5007 promissionem
2055 4920 2147 4991 liles-

219 4994 373 5065 Necesse
383 5008 436 5063 est
445 4999 600 5066 usitatam
609 5001 820 5086 partitionem
831 5000 991 5068 retinere:
1013 5000 1116 5071 Prac-
1165 5004 1238 5069 siae
1259 4941 1508 5095 llrtelligendam
1531 5022 1610 5073 esse
1637 5006 1680 5075 de
1700 5005 1846 5074 aeternis
1875 5008 1991 5088 bonis,
2014 5018 2048 5073 et
2077 5030 2147 5079 non
2206 5061 2210 5071 ,

134 5085 231 5175 cipue
251 5103 333 5173 pars
354 5082 458 5172 Legis
480 5089 668 5157 nominatur
687 5084 840 5171 nomm,
860 5107 949 5177 quae
971 5100 1025 5158 εει
1045 5086 1116 5157 De·
1165 5100 1293 5161 tantum
1321 5091 1365 5159 do
1395 5089 1453 5161 illa
1484 5089 1617 5182 politia,
1649 5104 1683 5161 ct
1708 5112 1813 5162 veros
1836 5089 1945 5162 cultos
1966 5091 2032 5160 Dei
2065 5114 2146 5167 esse
