4628 5588
136 168 205 241 aar
763 164 878 245 rau.
893 162 1501 235 sau-seurrranouuarrca
1710 116 1715 125 ¹
2095 168 2167 241 aaa
2219 158 2222 162 ’

139 358 262 438 stolus,
283 357 475 443 Prophetas
497 366 561 425 etc.
614 352 734 449 Docet!
749 357 926 423 animuum
945 376 1026 437 esse
1046 378 1124 443 pro·
1159 353 1316 444 ‚stipulas
1339 366 1404 423 etc.
1431 356 1696 425 Fundamentum
1715 353 1873 445 intelligit
1888 354 2057 427 articulos
2072 358 2166 443 aaa,

138 447 211 532 pria
228 440 430 525 Ecclesiam,
450 444 485 510 tn
506 463 573 530 qua
594 440 748 511 Christus
767 454 819 510 est
840 441 979 524 efficax,
1012 456 1048 511 et
1070 447 1123 511 cui
1173 446 1241 511 hoo
1262 455 1326 523 est,
1347 464 1508 509 summam
1531 444 1702 509 doctrinae
1724 441 1953 524 Christianae,
1985 456 2021 513 et
2042 445 2165 515 dourr-

139 533 198 599 dat
218 552 320 600 verus
343 533 514 597 doctores.
1174 551 1251 596 nam
1273 531 1316 595 da
1338 529 1509 597 beneficiis
1532 528 1670 609 Christi,
1691 530 1754 596 sed
1775 532 1818 598 ad
1839 528 1941 611 hauc,
1962 531 2081 620 iuquit,
2103 534 2164 603 ad·

957 695 960 701 ,
1017 664 1020 669 -
1174 618 1253 682 dent
1275 615 1331 682 alii
1348 614 1461 683 utilem
1484 618 1670 682 doctrinam
1692 628 1725 681 et
1743 615 2016 703 explicationem,
2050 631 2086 685 et
2105 638 2165 689 ve·

221 703 302 771 ldeo
336 723 411 769 cum
440 698 594 768 obiicitur
624 703 724 769 nohis
755 721 878 768 nomen
900 712 934 767 et
961 703 1122 769 autoritas
1173 724 1232 768 ros
1251 696 1362 770 cultus
1380 701 1582 787 spirituales,
1605 702 1698 768 Haec
1720 714 1832 784 vocat,
1853 724 1980 769 aurum.
2014 701 2082 772 Alii
2104 708 2164 773 ad·

136 786 322 870 Ecclesiae,
343 790 485 876 primum
507 789 770 868 consideremus,
786 809 831 855 an
846 786 910 859 fiat
931 792 1055 855 mentio
1067 809 1123 854 ve·
1174 792 1253 855 dent
1274 788 1429 876 stipulas,
1450 792 1484 856 id
1507 802 1570 868 est,
1593 790 1767 876 opiniones
1789 791 2031 871 incommodas,
2053 803 2088 857 et
2104 790 2163 858 ali·
2264 842 2270 849 .

136 897 196 943 rae
218 874 415 956 Ecclesiae,
448 895 492 940 au
510 896 592 941 vero
614 888 733 942 coetus
755 874 969 954 Pontificum,
991 889 1025 941 et
1046 896 1123 941 suc
1174 879 1252 962 quid
1276 878 1401 942 erroris
1424 877 1606 955 habentes,
1638 877 1734 942 Sicut
1755 876 1848 943 initio
1871 878 1983 942 statim
2005 879 2165 949 conditae

75 962 79 969 '
137 965 303 1030 cessionis
326 960 416 1028 illius
439 972 472 1026 et
489 960 639 1048 politiae,
661 983 725 1028 nec
747 982 811 1027 nos
835 963 984 1027 sinamus
1007 983 1028 1026 a
1049 984 1123 1027 ver·
1173 975 1251 1027 sunt
1273 965 1495 1042 ceremoniae,
1517 970 1603 1049 quae
1624 983 1742 1030 secum
1762 973 1937 1029 uexerunt
1962 960 2070 1031 lalsas
2090 967 2163 1053 upl-

135 1052 181 1117 bo
201 1047 268 1117 Dei
289 1050 450 1117 deterreri
471 1045 562 1115 biso
582 1061 757 1135 praetextu
777 1049 919 1115 nominis
935 1045 1121 1115 Ecclesiae.
1173 1051 1302 1116 niunes.
2161 1050 2165 1057 '

221 1221 397 1301 Secundo,
420 1220 605 1307 Postquam
622 1222 744 1287 dictum
761 1232 833 1299 est,
866 1240 953 1307 quae
975 1221 1019 1286 sit
1042 1243 1124 1288 vera
1259 1220 1306 1286 Ut
1326 1220 1541 1287 Ambrosium
1561 1221 1711 1287 existimo
1738 1240 1817 1286 esse
1839 1240 1955 1288 verum
1976 1225 2164 1293 membrum

136 1306 303 1390 Ecclesia,
324 1310 389 1374 iam
412 1308 600 1374 addendum
612 1318 675 1388 est,
696 1308 911 1375 hanoveram
922 1304 1122 1388 Ecclesiam,
1173 1305 1359 1374 Ecclesiae.
1404 1306 1437 1372 ls
1469 1319 1580 1373 tamen
1612 1308 1718 1395 inquit
1739 1309 1781 1373 de
1802 1309 1924 1374 ieiunio
1943 1310 2167 1398 quadrageslq.

26 1402 35 1417 ⁸
136 1416 224 1483 quae
240 1408 294 1462 est
310 1396 446 1482 exigua,
467 1415 512 1459 ac
529 1406 656 1462 tantum
674 1406 880 1473 senmurum,
902 1396 1045 1460 retinere
1067 1414 1125 1460 ve·
1175 1414 1262 1460 mue:
1286 1391 1430 1459 Caetera
1451 1394 1572 1461 ieiunia
1594 1408 1673 1460 sunt
1693 1390 1893 1474 vohrmatis,
1926 1393 1993 1462 hoc
2013 1398 2164 1463 necessi·

135 1504 209 1549 ram
232 1482 418 1548 doctrinam
440 1479 630 1566 Evangelii,
649 1500 714 1586 seu
728 1478 890 1586 articulus
908 1479 1003 1560 fidei,
1037 1483 1125 1585 sieut
1174 1482 1253 1587 tatis
1272 1491 1335 1546 est.
1380 1480 1474 1545 Haec
1497 1482 1607 1566 opinio
1631 1493 1685 1547 est
1707 1478 1831 1566 stipula
1853 1482 1967 1548 addita
1989 1484 2164 1551 doctrinae

59 1684 65 1695 .
136 1565 818 1729 {Etttulttttttttldtlttt
839 1566 1126 1738 dilituit
1176 1566 1265 1635 ⁶⁶⁰¹·
1415 1739 1423 1755 .

135 1760 201 1806 '¹¹¹⁸
222 1761 340 1826 imm
363 1749 397 1805 ⁶‘
417 1741 650 1891 ”mimi
671 1739 849 1892 dtis?
867 1735 1151 1891 sitiit&
1196 1734 2163 1895 uilfrididlfflldtttlttattttttl

135 1827 889 2004 ffibbmltadtgoztddsdrizumectione’m,
911 1910 1012 1997 quale
1032 1925 1125 1978 esset
1173 1849 1376 1999 graecbniis,
1398 1933 1474 1976 cum
1495 1848 1628 2000 quidegnl
1648 1914 1692 1977 ab
1703 1910 1874 1999 Episcopo
1895 1935 1958 1981 suo
1980 1912 2161 1999 repreben-

135 1997 280 2104 iuturum
307 2018 447 2086 regnum
465 1997 601 2066 Christi.
644 1996 766 2104 Petrus
794 2000 892 2065 etiarn
912 2008 991 2082 post
1012 1999 1124 2103 datum
1174 2001 1317 2065 deretur.
1362 1997 1461 2072 Quod
1482 2011 1593 2064 autem
1614 2020 1682 2065 uon
1703 2002 1748 2063 sit
1768 1998 1845 2067 leve
1867 2012 2032 2106 erratum,
2066 2002 2161 2107 insti·
2222 2097 2225 2103 Ι

135 2086 479 2240 idmst?
510 2082 1123 2239 t⁶l“t,¹¹¹¹ttlttttlttt¹tt⁸dtrtt
1173 2082 1552 2259 {luitdrudis
1567 2096 2164 2241 tltttt‘stttttnttd

136 2279 277 2409 reguum
310 2256 434 2324 Christi
464 2218 536 2324 'trun
564 2278 644 2324 esse
675 2255 822 2343 politiam
853 2255 1020 2323 iudaicam
1027 2301 1039 2337 ,
1061 2259 1122 2325 sed
1144 2258 1150 2307 ¹
1172 2260 1337 2324 mandatis
1370 2256 1574 2323 hominum
1601 2256 1715 2324 Grave
1746 2270 1922 2345 peccatum
1955 2270 2010 2326 est
2030 2271 2163 2340 ‚contra

137 2366 178 2411 cu
195 2356 248 2413 tus
269 2343 476 2431 spirituales,
493 2365 535 2410 ac
556 2354 750 2431 perpetuos,
772 2342 848 2409 Aut.
873 2343 924 2409 10.
1171 2346 1312 2449 primum
1344 2356 1570 2430 praeceptum,
1604 2342 1714 2410 cultus
1748 2367 1815 2410 non
1843 2347 2063 2450 mandatora
2083 2344 2161 2411 Deo

221 2514 349 2583 Postea
365 2515 523 2581 inchdata
556 2515 781 2583 raediuatiune
798 2513 832 2578 Α·
853 2511 1038 2581 ustolorum
1071 2512 1122 2581 lu·
1171 2441 1373 2583 nllrlllueertlln
1388 2432 1709 2583 anrrofflqqzoqthglqos
1732 2431 1829 2583 {leffe
1843 2448 1989 2585 'pnffi
2021 2450 2161 2585 prllllel

533 2538 556 2601 P
830 2536 852 2599 P
1039 2558 1051 2594 r
1171 2539 1194 2603 P
1400 2537 1424 2600 P
1836 2564 1847 2600 a
1881 2540 1900 2584 θ
2001 2538 2064 2605 1²¹⁰
2124 2538 2145 2584 θ

22 2606 25 2611 ’
136 2606 234 2677 cahat
253 2604 289 2669 in
304 2604 388 2687 ipsis
412 2603 564 2669 doctrina
584 2623 676 2686 pura¹
691 2611 726 2669 et
746 2602 934 2686 perspicua,
955 2611 1121 2667 ettamen
1171 2601 1297 2670 alienus
1321 2601 1441 2669 cultus.

134 2691 262 2757 interea
284 2699 381 2755 erant
401 2685 494 2755 multi
511 2688 648 2771 infirmi,
671 2690 728 2775 qui
749 2690 881 2755 umctsi
904 2697 1019 2761 essem
1040 2709 1123 2753 uera

133 2771 475 2928 memqraEcclesiae,
499 2786 532 2841 et
552 2787 706 2843 tenerent
725 2773 887 2841 articulos
905 2774 993 2854 iidei,
1010 2786 1121 2841 tamen
1258 2773 1448 2861 Cyprianus
1480 2785 1580 2861 urget
1606 2795 1735 2860 poenas
1769 2775 1973 2857 maumas,
2018 2796 2170 2863 qum

133 2861 258 2950 aliqud
280 2863 447 2928 addebant
468 2863 605 2942 erroris,
625 2873 663 2928 ut
684 2862 741 2949 qui
762 2862 991 2927 observabant
1010 2859 1121 2927 cultus
1171 2873 1253 2929 tunc
1274 2873 1348 2927 erat
1369 2882 1464 2941 usus,
1494 2873 1526 2927 et
1549 2861 1724 2928 confirmat
1745 2854 1941 2948 opiniones,
1973 2864 2069 2950 quasi
2091 2864 2163 2931 sint

132 2945 233 3038 legis,
249 2969 313 3015 uec
335 2951 420 3013 satis
437 2944 669 3036 intelligebant
685 2948 938 3034 abrogationem
958 2945 991 3013 lc
1017 2948 1065 3026 ἐ,
1087 2959 1123 3014 et
1172 2949 1397 3027 necessariae,
1421 2960 1454 3012 et.
1474 2969 1536 3034 pro
1561 2960 1613 3011 ter
1633 2969 1692 3013 eas
1713 2950 2084 3034 remittantnrpeccata,
2107 2949 2171 3015 ln·=

135 3055 235 3101 veros
259 3033 380 3100 cultus.
417 3034 480 3099 llic
498 3056 593 3100 error
609 3050 679 3099 non
701 3047 772 3099 erat
794 3033 891 3113 levis,
925 3046 958 3098 et
976 3055 996 3097 a
1011 3035 1121 3118 iquam
1171 3038 1302 3101 tardum
1324 3035 1429 3121 inquit
1450 2971 1694 3101 ahsoiutioncm
1716 3037 1790 3100 sine
1811 3034 1878 3101 illis
1895 3032 2045 3103 inutilem
2067 3057 2160 3104 essa.

133 3121 311 3208 caliginem
344 3119 537 3189 offirndehat
563 3119 714 3187 articulis
744 3119 834 3185 fidei.
887 3123 934 3187 ltu
967 3117 1121 3185 Christus
1170 3121 1332 3187 Fortasse
1364 3120 1530 3185 sentiebat
1562 3122 1787 3201 commodius,
1819 3143 1918 3209 quam
1938 3119 2074 3191 locutus
2095 3134 2159 3189 est.

71 3208 78 3219 “
132 3204 295 3295 praedicit
323 3207 365 3272 de
397 3203 553 3272 Ecclesia
583 3206 746 3292 postremi
778 3208 958 3290 temporis,
990 3203 1120 3273 futuras
1171 3207 1296 3273 Tamen
1325 3204 1374 3271 illi
1405 3227 1538 3273 errores
1560 3228 1628 3273 non
1649 3221 1728 3275 sunt
1750 3207 1861 3289 leves,
1894 3210 1958 3275 sed
1978 3210 2161 3277 admodum

132 3314 273 3380 magnas
294 3293 465 3372 tenebras,
510 3314 573 3361 uae
590 3296 690 3359 etiam
707 3290 835 3359 electos
846 3293 1036 3378 impedient,
1053 3314 1120 3379 quo
1171 3296 1297 3360 densae
1329 3295 1372 3359 sti
1397 3291 1491 3373 ulae,
1523 3295 1742 3361 obscurantes
1763 3317 1880 3381 puram
1908 3297 2093 3364 doctrinam
2115 3296 2161 3365 tle

133 3381 240 3449 minna
260 3400 381 3468 puram
401 3381 468 3445 doc
533 3400 586 3446 am
606 3377 845 3447 habiturisint.
1172 3380 1343 3446 beneficiis
1367 3316 1505 3462 dhristt,
1528 3392 1561 3445 et
1579 3381 1622 3447 de
1643 3380 1720 3447 fide.

218 3551 336 3620 Manat
358 3553 459 3641 igitur
474 3549 588 3638 aliqua
620 3571 702 3617 vera
733 3548 904 3631 Ecclesia,
937 3572 1023 3637 quae
1044 3526 1149 3617 reti-³
1258 3551 1366 3617 Porro
1399 3572 1503 3638 saepe
1525 3553 1717 3638 Scriptores
1739 3554 1946 3619 commodius
1968 3566 2158 3636 senserunt,

133 3650 191 3709 nat
211 3632 373 3706 articulos
396 3638 493 3717 iidei,
513 3638 589 3703 sad
610 3637 774 3704 interdum
802 3639 910 3703 minus
931 3658 1055 3721 puros,
1088 3649 1122 3705 et
1143 3586 1148 3719 Ι
1172 3660 1271 3727 quam
1293 3637 1487 3725 loquuntur,
1509 3642 1587 3725 quia
1608 3636 1759 3726 plerique
1780 3637 1914 3707 luerunt
1924 3642 2103 3709 admodum
2124 3643 2167 3727 iu¹
2288 3644 2291 3649 '

134 3729 335 3792 obscuratos
368 3723 534 3811 aliquibus
566 3726 788 3790 incommodis
821 3726 1049 3809 opinionibus,
1088 3738 1121 3791 et
1172 3727 1324 3791 docendo
1347 3724 1556 3811 negligentes
1579 3741 1613 3790 et
1635 3728 1873 3811 improprii,.et
1889 3725 2170 3795 multmsenun.

57 3812 63 3819 ’
132 3811 334 3879 habentibus
362 3810 489 3896 aliquid
522 3814 659 3877 erroris.
702 3810 756 3877 Ac
787 3808 909 3896 loquor
942 3809 1051 3878 adhuc
1078 3813 1120 3878 de
1172 3815 1236 3877 tias
1259 3833 1300 3877 ac
1321 3808 1483 3878 formulas
1504 3810 1645 3898 evulgo
1668 3824 1877 3893 mutuantur,
1910 3816 1944 3878 in
1966 3810 2158 3901 quibusali·

132 3898 222 3967 rer-ts
244 3896 421 3963 Ecclesiae
438 3897 612 3977 membris,
645 3908 679 3963 et
701 3896 848 3976 Sanctis,
880 3918 949 3963 nen
971 3899 1013 3963 de
1034 3895 1121 3978 aliis,
1173 3900 1251 3985 quid
1273 3901 1362 3964 inest
1382 3920 1544 3978 errorum,
1566 3898 1610 3964 Ut
1629 3919 1750 3964 nomen
1772 3899 2036 3968 satisfactionum
2057 3902 2161 3967 sumit

133 3986 188 4072 qui
206 3987 329 4050 amissa
351 3981 427 4049 luce
449 3984 563 4062 verbi,
596 3985 749 4051 amittunt
770 3984 927 4070 Spiritum
955 3997 1120 4064 sanctum,
1170 3987 1384 4073 Augustinus
1403 4007 1424 4050 a
1445 3982 1561 4071 vulgo,
1585 3987 1713 4051 etiamsi
1736 4006 1871 4053 errores
1892 3989 1934 4054 de
1954 3985 2159 4055 satisfactio·

133 4083 167 4137 et
198 4083 384 4157 sequuntur
394 4130 403 4137 ..
415 4072 553 4136 rationis
574 4071 748 4148 iudicium,
780 4082 815 4134 et
849 4092 923 4135 cum
944 4082 1060 4155 putent
1081 4092 1120 4135 se
1170 4074 1268 4145 nibus
1301 4070 1411 4158 palam
1446 4071 1667 4156 reprehendit.
1710 4071 1860 4159 Torquet
1877 4094 1916 4140 se
1937 4076 1972 4140 in
1994 4072 2059 4139 bac
2080 4096 2169 4153 seu·,

74 4214 77 4219 .
132 4159 311 4227 adrandum
332 4159 388 4243 pia
409 4159 554 4236 tradere,
577 4158 690 4223 dicunt
710 4155 821 4222 aliena
837 4168 872 4223 et
892 4158 1002 4241 impia.
1047 4157 1118 4225 Sic·
1170 4163 1271 4227 tentia
1303 4158 1569 4243 interpretanda,
1598 4159 1704 4223 0nme
1732 4172 1907 4245 peccatum
1929 4173 1983 4226 est
2004 4158 2158 4237 volunta,
2187 4208 2190 4213 ι

132 4256 186 4315 ut,
202 4264 292 4311 nunc
325 4264 460 4330 quoque
491 4242 586 4309 multi
617 4254 695 4309 sunt
715 4254 928 4328 praestantes
947 4245 1118 4324 doctrina,
1169 4247 1265 4326 rium,
1287 4247 1345 4311 uhi
1366 4246 1512 4331 disputat
1534 4247 1576 4310 de
1595 4256 1735 4330 peccato
1757 4247 1914 4333 originis,
1947 4268 2024 4314 cum
2044 4258 2158 4313 tamen
2199 4290 2205 4303 ·

133 4332 232 4403 bonis
253 4333 415 4410 moribus,
438 4331 775 4417 speciepietatis,qui
794 4330 946 4395 videntur
960 4331 1025 4396 sibi
1040 4351 1118 4397 sau-
1169 4335 1333 4399 sententia
1349 4332 1394 4397 sit
1411 4328 1508 4399 civile
1530 4333 1664 4411 dietum,
1698 4333 1739 4398 de
1762 4334 1910 4399 externis
1934 4330 2065 4400 delictis
2087 4344 2157 4401 tra·

133 4416 283 4482 ctissima
305 4419 427 4497 dicere,
449 4438 524 4484 cum
537 4414 668 4501 procul.
683 4417 794 4482 absint
815 4411 1028 4497 averaluoe,
1051 4418 1126 4493 hoe¹
1169 4420 1283 4485 ditum.

134 4512 199 4581 est,
219 4523 243 4567 a
259 4523 341 4569 vero
363 4501 536 4569 intellectu
556 4503 649 4570 verbi
662 4501 737 4569 Del·
754 4502 809 4568 De
827 4501 949 4569 talibus
970 4504 1117 4569 nondum

132 4585 267 4673 luquor,
297 4611 413 4659 verum
445 4590 555 4657 adhuc
586 4600 713 4657 tantum
744 4587 783 4655 iit
816 4591 939 4656 mentio
963 4589 1005 4655 de
1026 4592 1132 4657 veris.
1255 4589 1312 4656 Sic
1334 4602 1459 4657 vocant
1480 4611 1620 4657 coenam
1641 4590 1776 4657 Domini
1798 4590 2015 4671 oblationem,
2039 4592 2157 4679 populi

132 4674 291 4741 mearhris
310 4673 502 4754 Ecdmiae,
530 4696 617 4762 quae
647 4697 776 4765 magna
792 4695 835 4743 es
854 4688 951 4763 parto
971 4689 1051 4745 sunt
1071 4679 1118 4742 in·
1167 4697 1274 4757 more,
1306 4699 1380 4743 cunr
1413 4698 1481 4743 non
1512 4679 1557 4744 sit
1577 4678 1730 4743 instituta
1750 4675 1893 4759 oblatio,
1915 4681 1975 4745 sed
1999 4678 2156 4757 Christaaa

133 4760 240 4837 flama.
305 4780 309 4785 ·
617 4826 620 4831 ,
785 4820 788 4825 .
874 4824 879 4833 ,
1167 4764 1240 4849 ipae
1261 4760 1362 4829 suerit
1378 4763 1561 4843 Sacerdos,
1581 4786 1678 4830 suum
1699 4763 1844 4831 offerens
1866 4764 2078 4835 sacrificium.
2094 4766 2157 4837 aa
2281 4807 2287 4817 ι

1088 4908 1093 4925 ,
1168 4870 1213 4917 ne
1234 4848 1479 4936 fiebatquidem
1498 4846 1576 4919 olim
1598 4853 1631 4916 in
1653 4854 1844 4918 ceremonia
1855 4850 2003 4933 coenae,
2025 4852 2165 4931 oblatio¹
2267 4910 2273 4919 .

150 4888 191 5009 -l-
218 4930 402 5027 sicigitur
427 4934 533 5020 iuquit
560 4930 705 5003 Paulust
743 4934 1015 5011 Fundamentum,
1022 4920 1133 5035 phud,
1168 4936 1320 5020 corporis
1342 4952 1375 5003 et
1396 4939 1588 5025 sanguinis,
1611 4938 1672 5003 sed
1694 4950 1772 5006 ante
1791 4924 2162 5019 ,consecraturum-2

133 5039 232 5089 neno
253 5031 369 5124 puteat
387 5041 513 5106 ponere
519 5048 546 5099 ,·
563 5020 772 5107 praeterid¹
798 5022 1031 5128 uodposiarm
1051 5035 1133 5130 qst,¹
1167 5021 1360 5089 ferebantur
1381 5045 1504 5111 panes,
1522 5036 1557 5091 et
1576 5020 1748 5099 uliaores,
1770 5038 1804 5131 et
1825 5024 1996 5095 Sacerdos
2018 5028 2165 5109 dicebat¹
2211 5070 2217 5079 ·

134 5103 587 5205 Sanguaaupuraadidoat
606 5128 734 5189 surana,
802 5106 1131 5197 substinemus,
1166 5107 1351 5191 sufferta
1370 5131 1504 5197 preces,
1517 5112 1900 5215 mmmmm,
1920 5124 2071 5183 “witin
2082 5108 2165 5197 wlsi
