4628 5588
138 1544 143 1551 ⁴
288 1592 891 1791 annonario
953 1618 1514 1988 anffiuu
1617 1546 2042 1785 connata

804 2129 855 2196 Ex
876 2127 1032 2195 Editione
1053 2127 1304 2216 Witabargensl
1327 2131 1405 2195 anni
1425 2129 1521 2196 1549.

114 2414 118 2419 ’
230 2428 307 2512 ua
337 2427 444 2515 usu
477 2425 707 2550 munem
723 2374 1108 2512 ‘sannuncurt
1131 2421 1410 2512 ooacoms
1427 2427 1498 2510 uu
1519 2425 1822 2515 snuounns
1853 2370 2089 2518 cuntem

202 2748 388 2827 ,Quidam
409 2738 637 2836 vociferantur
656 2768 721 2815 nos
744 2748 786 2813 de
800 2766 840 2815 re
860 2767 929 2812 non
949 2748 1144 2815 necessaria
1266 2753 1527 2840 Accedamus
1557 2755 1680 2869 igitur
1706 2757 1766 2840 „d
1794 2754 1901 2843 hano
1931 2786 2106 2843 mmm·

152 2834 306 2927 litigare,
327 2858 403 2903 cum
425 2837 468 2903 de
488 2834 553 2901 bac
566 2836 764 2903 'ceremonia
786 2834 991 2899 restituenda
1002 2834 1144 2919 agimus,
1337 2898 1339 2902 ,

153 2936 188 2991 et
215 2935 404 3010 querantur
436 2920 562 2989 smstra
587 2923 715 2987 moveri
738 2920 917 2993 certantiaa
939 2931 972 2985 et
993 2919 1142 2986 dissidia.
1442 2996 1447 3005 ¹
1860 2947 1862 2951 <
1986 2994 1989 2999 Ι

152 3009 196 3076 lli
219 3010 332 3076 sciant
353 3029 418 3074 nos
435 3006 491 3073 ltic
512 3028 580 3072 non
603 3008 645 3072 de
665 3008 779 3092 parvis
802 3008 904 3070 rebus
927 3006 1142 3084 contendere,
1163 3034 1166 3083 ι
1277 3002 1324 3070 Ut
1344 3004 1508 3072 Dominus
1530 3018 1648 3074 noster
1669 3007 1762 3073 lesus
1786 2996 1942 3075 Clu-istus
1963 3011 2083 3096 inqultt
2106 2986 2176 3077 lte·

154 3117 232 3173 cam
266 3096 308 3161 de
342 3095 553 3160 restitutione
582 3090 680 3158 buius
703 3092 910 3161 ceremoniae
931 3093 1074 3177 agimus,
1098 3092 1141 3155 si·
1163 3090 1166 3164 l
1188 3092 1314 3173 siderio
1333 3093 1523 3159 desideravi
1544 3092 1611 3158 hoc
1632 3094 1761 3179 pascha
1771 3096 1973 3162 manducare
1984 3098 2173 3177 vobiscum,

152 3179 223 3248 mul
247 3182 412 3259 docemus
435 3175 610 3246 Ecclesiae
644 3178 685 3245 de
718 3200 799 3244 vero
828 3198 891 3267 usu
914 3174 1165 3243 Sacramenta-³
1192 3180 1329 3262 cupiens
1362 3174 1518 3245 uidelicet
1544 3178 1610 3245 iam
1632 3171 1788 3268 exliibere
1810 3183 1952 3269 pignora
1974 3183 2027 3249 sui
2049 3183 2174 3250 amoris

152 3288 240 3347 ruta,
263 3280 296 3334 et
320 3268 362 3333 de
382 3262 574 3334 exercenda
596 3262 677 3331 fida
699 3256 778 3330 item
814 3262 906 3330 dein
933 3262 1066 3329 entibus
1084 3256 1141 3328 ab·
1162 3242 1166 3351 l
1191 3284 1274 3353 erga
1295 3283 1370 3343 nos,
1391 3256 1575 3333 allaturus
1599 3266 1731 3332 victima
1752 3278 1754 3283 '
1776 3288 1815 3332 ro
1836 3268 1951 3336 nobist
1971 3269 2019 3335 ita
2039 3268 2104 3335 rios
2125 3267 2176 3336 iu·

151 3354 272 3420 ussstus
297 3351 437 3420 Missae.
480 3350 676 3433 Postremo,
698 3348 756 3419 illa
776 3284 974 3443 lltesis‘ltic
994 3351 1142 3415 contine·
1215 3352 1283 3416 enti
1305 3352 1470 3418 desiderio
1493 3352 1697 3439 accipiamus
1719 3288 1865 3420 oblatum
1891 3342 2108 3437 beneficium,
2141 3358 2175 3421 et

151 3454 224 3507 tur:
249 3441 305 3506 An
327 3438 429 3506 liceat
449 3436 638 3505 hominibus
661 3451 801 3517 mutare,
822 3458 883 3504 seu
895 3430 1033 3503 abolere
1044 3437 1141 3502 ritum
1190 3373 1289 3505 luins
1322 3436 1476 3504 beneficii
1499 3436 1759 3506 Sacramentum.
1788 3434 1834 3504 Ut
1855 3457 1964 3506 autem
1979 3440 2174 3507 reverenter

151 3524 331 3607 aChrlsto
365 3527 561 3592 institutum.
604 3525 696 3612 Ergo
729 3545 786 3590 res
808 3544 946 3610 rutaguas
969 3524 1024 3588 hic
1052 3543 1141 3587 com·
1189 3537 1322 3590 utamur
1344 3523 1573 3603 Sacramento,
1594 3546 1681 3591 voce
1692 3524 1818 3594 Christi
1838 3529 2117 3613 obtemperemus,
2140 3541 2175 3593 et

150 3608 341 3699 plectimur,
364 3613 504 3693 dicimus
526 3612 568 3677 de
590 3631 655 3679 usu
672 3608 977 3688 sacramentorum,
1000 3611 1043 3674 tle
1063 3604 1141 3674 llor-
1191 3610 1360 3677 discamus
1382 3611 1551 3686 uuomodo
1574 3613 1680 3696 prosit
1706 3614 1770 3696 piis
1791 3614 1959 3679 mentibus
1979 3618 2175 3681 Sacramen-

151 3695 304 3764 rlbilibus
327 3700 491 3764 abusibus
503 3694 642 3776 Missae,
665 3711 699 3762 et
722 3698 764 3762 de
775 3707 942 3782 potestate
953 3690 1139 3760 Ecclesiae.
1190 3694 1271 3763 tunt.
1315 3692 1409 3762 llaec
1442 3708 1563 3782 augent
1595 3720 1707 3764 veram
1735 3694 1966 3775 reverentiam.
2010 3698 2097 3777 Sunt
2115 3704 2174 3766 au·-

149 3784 236 3851 Nam
255 3783 322 3851 hae
343 3798 421 3850 sunt
446 3805 581 3863 causae,
617 3805 677 3849 cnr
699 3784 882 3848 adversarii
904 3783 1033 3847 restitui
1057 3783 1140 3846 inte·
1162 3812 1165 3885 Ι
1190 3795 1256 3849 tem
1278 3796 1358 3847 nota
1381 3785 1486 3847 verba
1508 3782 1682 3869 Evangelii
1704 3786 1747 3850 de
1767 3784 1984 3851 institutione.
2015 3772 2174 3850 litliaan·

151 3892 247 3958 grum
270 3891 369 3936 nsum
393 3870 597 3936 sacramenti
619 3866 735 3934 nolint.
781 3866 938 3946 Primum,
960 3869 1037 3953 quia
1053 3867 1140 3933 Pon·
1162 3890 1165 3951 fi
1191 3870 1303 3934 datum
1324 3868 1417 3934 addit
1432 3866 1601 3934 Christus:
1624 3870 1697 3935 lloc
1719 3869 1821 3936 facite
1841 3873 1884 3936 ad
1906 3872 2174 3938 recordationem

151 3957 277 4023 tilicnm
296 3969 330 4021 et
354 3956 597 4040 Episcoporum
620 3956 828 4021 autoritatem
849 3953 1064 4039 amplificant,
1085 3952 1139 4017 his
1162 3956 1176 4003 t·
1190 3957 1266 4020 mei.
1308 3952 1403 4019 lubet
1424 3974 1487 4018 nos
1510 3954 1596 4019 idem
1613 3954 1728 4020 facere
1750 3958 1841 4043 quod
1862 3954 1942 4023 seeit
1963 3959 2048 4043 ipse.
2077 3955 2172 4044 Ergo

150 4043 249 4109 tribui
272 4041 393 4110 volunt
410 4053 610 4127 potestatem
633 4040 781 4106 mutandi
802 4056 858 4106 res
871 4042 1036 4106 institutas
1059 4041 1164 4104 divi.
1191 4042 1268 4106 dato
1291 4058 1376 4126 pane
1399 4051 1433 4103 et
1453 4041 1531 4104 viuo
1554 4043 1587 4105 in
1599 4061 1705 4108 coena
1714 4041 1862 4124 Domini,
1883 4044 2080 4129 exhibentur
2098 4063 2173 4108 cor-

149 4131 254 4209 nitas,
276 4129 442 4195 condendi
454 4147 562 4194 novos
586 4124 705 4200 cultus,
722 4136 761 4196 et
781 4146 871 4192 nova
893 4126 1059 4214 dogmata.
1081 4123 1139 4190 Vi·
1189 4146 1254 4212 pus
1276 4137 1310 4191 et
1332 4126 1470 4211 sanguis
1492 4123 1638 4193 Domini.
1887 4156 1890 4161 ·

149 4216 230 4281 dent
250 4216 330 4280 item
355 4216 538 4280 doctrinam
561 4233 674 4278 veram
696 4214 738 4277 de
760 4233 825 4278 usu
847 4211 1139 4279 sacramentorum

148 4320 302 4387 pugnare
323 4321 399 4366 cum
422 4300 583 4365 abusibus
599 4297 792 4377 ltlissarum,
814 4299 902 4363 banc
924 4309 1035 4363 autem
1057 4317 1139 4381 quo·
1275 4298 1332 4363 Sic
1364 4309 1474 4364 autem
1506 4298 1644 4380 prodest
1676 4301 1907 4381 conscientiis,
1934 4319 2009 4367 enm
2030 4312 2173 4388 agentes

173 4406 217 4451 uo
240 4387 342 4452 ntodo
367 4387 510 4452 obruere
533 4398 706 4450 conantur.
750 4383 921 4469 Rogamus
938 4395 1049 4448 autem
1062 4383 1137 4466 pios
1188 4385 1422 4469 poenitentiam
1446 4385 1585 4448 credunt
1596 4383 1763 4451 Christum
1780 4384 1904 4460 factum
1927 4406 2005 4452 esse
2026 4385 2174 4452 hostiam

147 4407 316 4551 lectores,
350 4484 387 4537 ut
415 4472 578 4558 cogitent,
612 4482 769 4556 quantum
791 4471 920 4536 intersit
951 4466 1137 4548 Ecclesiae,
1188 4490 1249 4555 pro
1272 4481 1427 4555 peccato,
1450 4483 1483 4533 et
1505 4482 1644 4556 accepto
1667 4471 1733 4537 hoc
1776 4473 1906 4558 ignore,
1928 4473 2026 4537 tidem
2039 4474 2174 4538 exusci-

148 4569 265 4633 extare
296 4556 494 4642 explicatam
528 4557 712 4622 doctrinam
746 4559 788 4622 de
810 4576 892 4622 vero
914 4575 978 4621 usu
1000 4566 1033 4619 et
1054 4551 1138 4620 utili·
1188 4568 1269 4634 tant,
1291 4576 1333 4620 ac
1356 4556 1496 4620 credunt
1517 4556 1580 4621 sibi
1603 4570 1738 4642 propter
1748 4493 1914 4624 &hristum
1935 4559 2077 4643 ignosci,
2100 4580 2173 4625 cre·

147 4654 216 4709 tate
238 4639 554 4723 Sacramentum,
588 4644 630 4708 de
658 4643 747 4707 veris
780 4642 946 4709 exercitiis
969 4639 1063 4718 fidei,
1096 4641 1138 4705 de
1188 4643 1270 4706 dunt
1290 4642 1333 4705 ad
1355 4661 1393 4705 se
1416 4642 1582 4726 pertinere
1603 4642 1766 4709 beneficia
1778 4643 1913 4722 christi,
1930 4662 1976 4708 se
1991 4641 2174 4710 consolan-

145 4739 315 4815 potestate
340 4727 525 4794 Ecclesiae.
571 4729 613 4795 Et
646 4725 921 4795 assuefaciendae
955 4739 1032 4792 sunt
1063 4727 1138 4810 piae
1188 4739 1252 4806 tur,
1285 4738 1318 4792 et
1338 4740 1442 4814 agunt
1464 4729 1590 4814 gratias
1616 4751 1678 4814 pro
1711 4730 1872 4795 immenso
1901 4729 2067 4796 beneficio
2094 4727 2174 4812 Del,

145 4830 291 4892 mentes,
314 4826 352 4878 ut
373 4813 479 4881 ve'rbo
491 4813 570 4895 Dei,
593 4837 659 4881 nou
683 4813 836 4880 humanis
855 4815 1063 4898 opinionibus
1085 4831 1136 4877 re·
1187 4814 1287 4898 idque
1310 4810 1481 4878 celebrant
1502 4815 1534 4878 in
1557 4814 1784 4895 consessione,
1805 4835 1892 4902 qnae
1909 4816 2042 4920 guidem
2064 4817 2098 4882 iu
2120 4829 2173 4882 to·

146 4900 304 4989 gilidem
332 4912 364 4965 et
387 4922 489 4985 opera
514 4915 642 4981 curent,
664 4913 700 4965 ut
722 4914 862 4986 agentes
881 4920 955 4964 cum
978 4897 1067 4979 Deo,
1089 4898 1137 4962 ni·
1188 4911 1222 4964 ta
1244 4900 1312 4963 vita
1331 4896 1446 4964 lucere
1468 4901 1583 4965 debett
1616 4901 1699 4967 Nam
1722 4921 1838 4968 omnes
1860 4913 2013 4967 actiones
2034 4902 2069 4967 in
2091 4902 2162 4969 vita

144 4997 257 5053 tantur
282 5000 378 5051 certe
400 4989 506 5052 verbo
527 4987 603 5067 Dei,
627 4989 714 5052 sicut
735 4987 840 5072 inquit
859 4984 990 5052 Davidt
1012 4985 1136 5050 Lucer-
1187 4986 1297 5049 omnia
1320 4987 1501 5050 certamina
1523 4987 1555 5050 in
1574 4990 1815 5139 gubernatione
1826 4986 2046 5071 Reipublicae
2067 5000 2101 5055 et
2121 4967 2173 5056 tas

143 5094 188 5139 na
209 5072 356 5159 pedibus
379 5075 462 5138 meis
484 5075 622 5140 verbum
644 5085 746 5140 tuum.
1186 5068 1307 5150 miliae,
1328 5072 1515 5162 debenteo
1537 5093 1574 5138 re
1589 5075 1667 5153 erri,
1689 5088 1725 5139 ut
1747 5086 1911 5140 testentur
1932 5087 2174 5167 noaoectaco·

1892 5188 1916 5221 Ο
