<?xml version="1.0" encoding="UTF-8"?>
<!DOCTYPE html PUBLIC "-//W3C//DTD XHTML 1.0 Transitional//EN"
    "http://www.w3.org/TR/xhtml1/DTD/xhtml1-transitional.dtd">
<html xmlns="http://www.w3.org/1999/xhtml" xml:lang="en" lang="en">
 <head>
  <title>
</title>
<meta http-equiv="Content-Type" content="text/html;charset=utf-8" />
  <meta name='ocr-system' content='tesseract 3.04.00' />
  <meta name='ocr-capabilities' content='ocr_page ocr_carea ocr_par ocr_line ocrx_word'/>
</head>
<body>
  <div class='ocr_page' id='page_1' title='image "./corpusreformato03melagoog_0221.png"; bbox 0 0 4628 5588; ppageno 0'>
   <div class='ocr_carea' id='block_1_1' title="bbox 144 178 2181 250">
    <p class='ocr_par' dir='ltr' id='par_1_1' title="bbox 144 178 2181 250">
     <span class='ocr_line' id='line_1_1' title="bbox 144 178 2181 250; baseline 0 -1"><span class='ocrx_word' id='word_1_1' title='bbox 144 182 219 250; x_wconf 67' lang='lat' dir='ltr'><strong>*aar</strong></span> <span class='ocrx_word' id='word_1_2' title='bbox 786 178 900 247; x_wconf 86' lang='lat' dir='ltr'><strong>PlilL.</strong></span> <span class='ocrx_word' id='word_1_3' title='bbox 923 178 1029 246; x_wconf 86' lang='lat' dir='ltr'><strong>hlEL.</strong></span> <span class='ocrx_word' id='word_1_4' title='bbox 1051 178 1241 248; x_wconf 83' lang='lat' dir='ltr'><strong>SCRlP&#39;l&#39;A</strong></span> <span class='ocrx_word' id='word_1_5' title='bbox 1262 179 1543 248; x_wconf 80' lang='lat' dir='ltr'><strong>DouMArrcA.</strong></span> <span class='ocrx_word' id='word_1_6' title='bbox 2113 182 2181 249; x_wconf 73' lang='lat'><strong>292</strong></span> 
     </span>
    </p>
   </div>
   <div class='ocr_carea' id='block_1_2' title="bbox 156 366 2182 545">
    <p class='ocr_par' dir='ltr' id='par_1_2' title="bbox 156 366 2182 545">
     <span class='ocr_line' id='line_1_2' title="bbox 156 366 2180 459; baseline -0 -20"><span class='ocrx_word' id='word_1_7' title='bbox 156 369 434 459; x_wconf 69' lang='lat' dir='ltr'><strong>htllvaugelium</strong></span> <span class='ocrx_word' id='word_1_8' title='bbox 456 389 518 436; x_wconf 85' lang='lat' dir='ltr'><strong>seu</strong></span> <span class='ocrx_word' id='word_1_9' title='bbox 563 370 719 435; x_wconf 85' lang='lat' dir='ltr'><strong>remissio</strong></span> <span class='ocrx_word' id='word_1_10' title='bbox 742 370 870 457; x_wconf 78' lang='lat' dir='ltr'><strong>gratide</strong></span> <span class='ocrx_word' id='word_1_11' title='bbox 892 381 926 435; x_wconf 90' lang='lat' dir='ltr'><strong>et</strong></span> <span class='ocrx_word' id='word_1_12' title='bbox 946 366 1141 436; x_wconf 77' lang='lat' dir='ltr'><strong>reconcilia·</strong></span> <span class='ocrx_word' id='word_1_13' title='bbox 1196 373 1308 438; x_wconf 87' lang='lat' dir='ltr'><strong>divina</strong></span> <span class='ocrx_word' id='word_1_14' title='bbox 1329 374 1363 436; x_wconf 93' lang='lat' dir='ltr'><strong>in</strong></span> <span class='ocrx_word' id='word_1_15' title='bbox 1387 373 1662 457; x_wconf 88' lang='lat' dir='ltr'><strong>comprobatione</strong></span> <span class='ocrx_word' id='word_1_16' title='bbox 1678 382 1771 437; x_wconf 85' lang='lat' dir='ltr'><strong>recte</strong></span> <span class='ocrx_word' id='word_1_17' title='bbox 1791 367 1973 453; x_wconf 88' lang='lat' dir='ltr'><strong>laetorum,</strong></span> <span class='ocrx_word' id='word_1_18' title='bbox 1995 383 2029 437; x_wconf 88' lang='lat' dir='ltr'><strong>et</strong></span> <span class='ocrx_word' id='word_1_19' title='bbox 2049 373 2084 438; x_wconf 94' lang='lat' dir='ltr'><strong>in</strong></span> <span class='ocrx_word' id='word_1_20' title='bbox 2101 391 2180 458; x_wconf 90' lang='lat' dir='ltr'><strong>poe·</strong></span> 
     </span>
     <span class='ocr_line' id='line_1_3' title="bbox 157 455 2182 545; baseline 0 -21"><span class='ocrx_word' id='word_1_21' title='bbox 157 461 271 539; x_wconf 90' lang='lat' dir='ltr'><strong>tionis,</strong></span> <span class='ocrx_word' id='word_1_22' title='bbox 294 479 362 525; x_wconf 92' lang='lat' dir='ltr'><strong>non</strong></span> <span class='ocrx_word' id='word_1_23' title='bbox 385 468 438 523; x_wconf 89' lang='lat' dir='ltr'><strong>est</strong></span> <span class='ocrx_word' id='word_1_24' title='bbox 459 477 528 522; x_wconf 87' lang='lat' dir='ltr'><strong>vox</strong></span> <span class='ocrx_word' id='word_1_25' title='bbox 597 459 662 543; x_wconf 90' lang='lat' dir='ltr'><strong>gis,</strong></span> <span class='ocrx_word' id='word_1_26' title='bbox 684 468 717 521; x_wconf 91' lang='lat' dir='ltr'><strong>et</strong></span> <span class='ocrx_word' id='word_1_27' title='bbox 738 477 947 543; x_wconf 87' lang='lat' dir='ltr'><strong>nequaquam</strong></span> <span class='ocrx_word' id='word_1_28' title='bbox 969 457 1142 522; x_wconf 89' lang='lat' dir='ltr'><strong>nobiscum</strong></span> <span class='ocrx_word' id='word_1_29' title='bbox 1194 460 1248 523; x_wconf 92' lang='lat' dir='ltr'><strong>nis</strong></span> <span class='ocrx_word' id='word_1_30' title='bbox 1282 455 1497 538; x_wconf 78' lang='lat' dir='ltr'><strong>delictorum,</strong></span> <span class='ocrx_word' id='word_1_31' title='bbox 1531 469 1567 523; x_wconf 90' lang='lat' dir='ltr'><strong>ut</strong></span> <span class='ocrx_word' id='word_1_32' title='bbox 1601 457 1687 523; x_wconf 72' lang='lat' dir='ltr'><strong>tien.</strong></span> <span class='ocrx_word' id='word_1_33' title='bbox 1715 458 1747 522; x_wconf 80' lang='grc'><strong>4.</strong></span> <span class='ocrx_word' id='word_1_34' title='bbox 1782 459 2042 543; x_wconf 79' lang='lat' dir='ltr'><strong>comprobantur</strong></span> <span class='ocrx_word' id='word_1_35' title='bbox 2076 479 2182 545; x_wconf 87' lang='lat' dir='ltr'><strong>opera</strong></span> 
     </span>
    </p>
   </div>
   <div class='ocr_carea' id='block_1_3' title="bbox 44 539 2181 632">
    <p class='ocr_par' dir='ltr' id='par_1_3' title="bbox 44 539 2181 632">
     <span class='ocr_line' id='line_1_4' title="bbox 44 539 2181 632; baseline 0 -21"><span class='ocrx_word' id='word_1_36' title='bbox 44 558 52 571; x_wconf 87' lang='grc'>·</span> <span class='ocrx_word' id='word_1_37' title='bbox 156 547 318 612; x_wconf 79' lang='lat' dir='ltr'><strong>nascitur.</strong></span> <span class='ocrx_word' id='word_1_38' title='bbox 362 545 430 611; x_wconf 88' lang='lat' dir='ltr'><strong>Sed</strong></span> <span class='ocrx_word' id='word_1_39' title='bbox 450 539 623 629; x_wconf 84' lang='lat' dir='ltr'><strong>singulare</strong></span> <span class='ocrx_word' id='word_1_40' title='bbox 644 554 678 607; x_wconf 92' lang='lat' dir='ltr'><strong>et</strong></span> <span class='ocrx_word' id='word_1_41' title='bbox 698 543 882 607; x_wconf 88' lang='lat' dir='ltr'><strong>mirandum</strong></span> <span class='ocrx_word' id='word_1_42' title='bbox 905 543 1075 609; x_wconf 86' lang='lat' dir='ltr'><strong>decretum</strong></span> <span class='ocrx_word' id='word_1_43' title='bbox 1094 542 1141 606; x_wconf 92' lang='lat' dir='ltr'><strong>di·</strong></span> <span class='ocrx_word' id='word_1_44' title='bbox 1194 546 1290 632; x_wconf 89' lang='lat' dir='ltr'><strong>primi</strong></span> <span class='ocrx_word' id='word_1_45' title='bbox 1313 547 1501 630; x_wconf 78' lang='lat' dir='ltr'><strong>praecepti,</strong></span> <span class='ocrx_word' id='word_1_46' title='bbox 1536 545 1669 632; x_wconf 86' lang='lat' dir='ltr'><strong>quando</strong></span> <span class='ocrx_word' id='word_1_47' title='bbox 1690 543 1786 610; x_wconf 90' lang='lat' dir='ltr'><strong>Deus</strong></span> <span class='ocrx_word' id='word_1_48' title='bbox 1808 542 1984 610; x_wconf 89' lang='lat' dir='ltr'><strong>manifesto</strong></span> <span class='ocrx_word' id='word_1_49' title='bbox 2007 547 2106 632; x_wconf 92' lang='lat' dir='ltr'><strong>signo</strong></span> <span class='ocrx_word' id='word_1_50' title='bbox 2128 566 2181 612; x_wconf 90' lang='lat' dir='ltr'><strong>re·</strong></span> 
     </span>
    </p>
   </div>
   <div class='ocr_carea' id='block_1_4' title="bbox 76 626 1144 970">
    <p class='ocr_par' dir='ltr' id='par_1_4' title="bbox 76 626 1144 970">
     <span class='ocr_line' id='line_1_5' title="bbox 156 626 1143 714; baseline -0.004 -17"><span class='ocrx_word' id='word_1_51' title='bbox 156 633 305 697; x_wconf 87' lang='lat' dir='ltr'><strong>vinitatis</strong></span> <span class='ocrx_word' id='word_1_52' title='bbox 317 626 443 696; x_wconf 83' lang='lat' dir='ltr'><strong>factum</strong></span> <span class='ocrx_word' id='word_1_53' title='bbox 455 631 655 714; x_wconf 83' lang='lat' dir='ltr'><strong>deprecante</strong></span> <span class='ocrx_word' id='word_1_54' title='bbox 666 649 728 714; x_wconf 89' lang='lat' dir='ltr'><strong>pro</strong></span> <span class='ocrx_word' id='word_1_55' title='bbox 746 630 845 694; x_wconf 88' lang='lat' dir='ltr'><strong>nobis</strong></span> <span class='ocrx_word' id='word_1_56' title='bbox 858 628 956 707; x_wconf 84' lang='lat' dir='ltr'><strong>Filio,</strong></span> <span class='ocrx_word' id='word_1_57' title='bbox 978 640 1012 693; x_wconf 90' lang='lat' dir='ltr'><strong>et</strong></span> <span class='ocrx_word' id='word_1_58' title='bbox 1023 641 1143 714; x_wconf 89' lang='lat' dir='ltr'><strong>postea</strong></span> 
     </span>
     <span class='ocr_line' id='line_1_6' title="bbox 156 712 1144 805; baseline -0.004 -23"><span class='ocrx_word' id='word_1_59' title='bbox 156 715 323 805; x_wconf 90' lang='lat' dir='ltr'><strong>prolatum</strong></span> <span class='ocrx_word' id='word_1_60' title='bbox 356 737 398 781; x_wconf 84' lang='lat' dir='ltr'><strong>ex</strong></span> <span class='ocrx_word' id='word_1_61' title='bbox 429 713 489 780; x_wconf 95' lang='lat' dir='ltr'><strong>illo</strong></span> <span class='ocrx_word' id='word_1_62' title='bbox 522 735 647 781; x_wconf 90' lang='lat' dir='ltr'><strong>arcano</strong></span> <span class='ocrx_word' id='word_1_63' title='bbox 677 712 839 794; x_wconf 90' lang='lat' dir='ltr'><strong>oonsilio,</strong></span> <span class='ocrx_word' id='word_1_64' title='bbox 872 717 915 780; x_wconf 90' lang='lat' dir='ltr'><strong>de</strong></span> <span class='ocrx_word' id='word_1_65' title='bbox 948 716 1144 780; x_wconf 82' lang='lat' dir='ltr'><strong>remissione</strong></span> 
     </span>
     <span class='ocr_line' id='line_1_7' title="bbox 156 801 1143 890; baseline -0.004 -21"><span class='ocrx_word' id='word_1_66' title='bbox 156 812 382 890; x_wconf 84' lang='lat' dir='ltr'><strong>peccatorum,</strong></span> <span class='ocrx_word' id='word_1_67' title='bbox 407 815 440 867; x_wconf 92' lang='lat' dir='ltr'><strong>et</strong></span> <span class='ocrx_word' id='word_1_68' title='bbox 462 803 504 866; x_wconf 91' lang='lat' dir='ltr'><strong>de</strong></span> <span class='ocrx_word' id='word_1_69' title='bbox 524 802 732 867; x_wconf 85' lang='lat' dir='ltr'><strong>restitutione</strong></span> <span class='ocrx_word' id='word_1_70' title='bbox 757 801 902 866; x_wconf 88' lang='lat' dir='ltr'><strong>institiae</strong></span> <span class='ocrx_word' id='word_1_71' title='bbox 924 811 957 867; x_wconf 89' lang='lat' dir='ltr'><strong>et</strong></span> <span class='ocrx_word' id='word_1_72' title='bbox 979 802 1066 869; x_wconf 83' lang='lat' dir='ltr'><strong>vitae</strong></span> <span class='ocrx_word' id='word_1_73' title='bbox 1088 821 1143 866; x_wconf 87' lang='lat' dir='ltr'><strong>aa·</strong></span> 
     </span>
     <span class='ocr_line' id='line_1_8' title="bbox 76 888 620 970; baseline -0.015 -11"><span class='ocrx_word' id='word_1_74' title='bbox 76 926 78 930; x_wconf 45' lang='lat'><em>⁴</em></span> <span class='ocrx_word' id='word_1_75' title='bbox 154 898 285 970; x_wconf 84' lang='lat' dir='ltr'><strong>ternae,</strong></span> <span class='ocrx_word' id='word_1_76' title='bbox 307 900 345 956; x_wconf 91' lang='lat' dir='ltr'><strong>ut</strong></span> <span class='ocrx_word' id='word_1_77' title='bbox 367 889 485 953; x_wconf 89' lang='lat' dir='ltr'><strong>deiude</strong></span> <span class='ocrx_word' id='word_1_78' title='bbox 503 888 620 952; x_wconf 88' lang='lat' dir='ltr'><strong>dicam.</strong></span> 
     </span>
    </p>
   </div>
   <div class='ocr_carea' id='block_1_5' title="bbox 212 1004 1083 1111">
    <p class='ocr_par' dir='ltr' id='par_1_5' title="bbox 212 1004 1083 1111">
     <span class='ocr_line' id='line_1_9' title="bbox 212 1004 1083 1111; baseline -0.003 -18"><span class='ocrx_word' id='word_1_79' title='bbox 212 1026 311 1093; x_wconf 85' lang='lat' dir='ltr'><strong>Nunc</strong></span> <span class='ocrx_word' id='word_1_80' title='bbox 327 1004 410 1092; x_wconf 81' lang='lat' dir='ltr'><strong>vero</strong></span> <span class='ocrx_word' id='word_1_81' title='bbox 433 1027 525 1092; x_wconf 91' lang='lat' dir='ltr'><strong>initio</strong></span> <span class='ocrx_word' id='word_1_82' title='bbox 547 1026 703 1110; x_wconf 90' lang='lat' dir='ltr'><strong>ponenda</strong></span> <span class='ocrx_word' id='word_1_83' title='bbox 723 1032 777 1091; x_wconf 87' lang='lat' dir='ltr'><strong>e&#39;st</strong></span> <span class='ocrx_word' id='word_1_84' title='bbox 798 1023 901 1111; x_wconf 87' lang='lat' dir='ltr'><strong>Legis</strong></span> <span class='ocrx_word' id='word_1_85' title='bbox 924 1023 1083 1091; x_wconf 88' lang='lat' dir='ltr'><strong>delinitio.</strong></span> 
     </span>
    </p>
   </div>
   <div class='ocr_carea' id='block_1_6' title="bbox 106 1280 1145 1779">
    <p class='ocr_par' dir='ltr' id='par_1_6' title="bbox 106 1280 1145 1541">
     <span class='ocr_line' id='line_1_10' title="bbox 106 1280 1144 1369; baseline -0.001 -21"><span class='ocrx_word' id='word_1_86' title='bbox 106 1344 108 1348; x_wconf 87' lang='lat'>.</span> <span class='ocrx_word' id='word_1_87' title='bbox 244 1282 317 1350; x_wconf 83' lang='lat' dir='ltr'><strong>Lex</strong></span> <span class='ocrx_word' id='word_1_88' title='bbox 350 1295 403 1348; x_wconf 88' lang='lat' dir='ltr'><strong>est</strong></span> <span class='ocrx_word' id='word_1_89' title='bbox 429 1285 583 1349; x_wconf 86' lang='lat' dir='ltr'><strong>doctrina</strong></span> <span class='ocrx_word' id='word_1_90' title='bbox 608 1304 630 1347; x_wconf 90' lang='lat' dir='ltr'><strong>a</strong></span> <span class='ocrx_word' id='word_1_91' title='bbox 655 1280 731 1349; x_wconf 89' lang='lat' dir='ltr'><strong>Deo</strong></span> <span class='ocrx_word' id='word_1_92' title='bbox 760 1282 902 1362; x_wconf 90' lang='lat' dir='ltr'><strong>tradita,</strong></span> <span class='ocrx_word' id='word_1_93' title='bbox 934 1283 1144 1369; x_wconf 81' lang='lat' dir='ltr'><strong>praecipiens</strong></span> 
     </span>
     <span class='ocr_line' id='line_1_11' title="bbox 157 1365 1144 1519; baseline -0.001 -85"><span class='ocrx_word' id='word_1_94' title='bbox 157 1366 277 1457; x_wconf 86' lang='lat' dir='ltr'><strong>quales</strong></span> <span class='ocrx_word' id='word_1_95' title='bbox 304 1389 367 1435; x_wconf 86' lang='lat' dir='ltr'><strong>nos</strong></span> <span class='ocrx_word' id='word_1_96' title='bbox 398 1389 495 1448; x_wconf 90' lang='lat' dir='ltr'><strong>esse,</strong></span> <span class='ocrx_word' id='word_1_97' title='bbox 527 1382 561 1435; x_wconf 91' lang='lat' dir='ltr'><strong>et</strong></span> <span class='ocrx_word' id='word_1_98' title='bbox 589 1389 677 1455; x_wconf 90' lang='lat' dir='ltr'><strong>quae</strong></span> <span class='ocrx_word' id='word_1_99' title='bbox 708 1365 840 1447; x_wconf 83' lang='lat' dir='ltr'><strong>iacere,</strong></span> <span class='ocrx_word' id='word_1_100' title='bbox 874 1389 961 1519; x_wconf 63' lang='lat' dir='ltr'><strong>puae</strong></span> <span class='ocrx_word' id='word_1_101' title='bbox 994 1370 1144 1435; x_wconf 87' lang='lat' dir='ltr'><strong>omittere</strong></span> 
     </span>
     <span class='ocr_line' id='line_1_12' title="bbox 159 1452 1145 1541; baseline -0.001 -21"><span class='ocrx_word' id='word_1_102' title='bbox 159 1467 293 1540; x_wconf 85' lang='lat' dir='ltr'><strong>oportet</strong></span> <span class='ocrx_word' id='word_1_103' title='bbox 325 1466 358 1520; x_wconf 94' lang='lat' dir='ltr'><strong>et</strong></span> <span class='ocrx_word' id='word_1_104' title='bbox 385 1457 558 1541; x_wconf 86' lang='lat' dir='ltr'><strong>requirens</strong></span> <span class='ocrx_word' id='word_1_105' title='bbox 591 1452 774 1539; x_wconf 79' lang='lat' dir='ltr'><strong>perfectam</strong></span> <span class='ocrx_word' id='word_1_106' title='bbox 808 1456 873 1521; x_wconf 93' lang='lat' dir='ltr'><strong>obe</strong></span> <span class='ocrx_word' id='word_1_107' title='bbox 898 1455 1029 1520; x_wconf 83' lang='lat' dir='ltr'><strong>lentiam</strong></span> <span class='ocrx_word' id='word_1_108' title='bbox 1062 1475 1145 1541; x_wconf 90' lang='lat' dir='ltr'><strong>erga</strong></span> 
     </span>
    </p>

    <p class='ocr_par' dir='ltr' id='par_1_7' title="bbox 158 1539 1145 1627">
     <span class='ocr_line' id='line_1_13' title="bbox 158 1539 1145 1627; baseline -0.004 -19"><span class='ocrx_word' id='word_1_109' title='bbox 158 1540 280 1622; x_wconf 89' lang='lat' dir='ltr'><strong>Deum,</strong></span> <span class='ocrx_word' id='word_1_110' title='bbox 304 1552 338 1607; x_wconf 90' lang='lat' dir='ltr'><strong>et</strong></span> <span class='ocrx_word' id='word_1_111' title='bbox 357 1543 575 1627; x_wconf 79' lang='lat' dir='ltr'><strong>pronuntians</strong></span> <span class='ocrx_word' id='word_1_112' title='bbox 591 1542 692 1606; x_wconf 89' lang='lat' dir='ltr'><strong>irasci</strong></span> <span class='ocrx_word' id='word_1_113' title='bbox 709 1539 819 1606; x_wconf 89' lang='lat' dir='ltr'><strong>Deum</strong></span> <span class='ocrx_word' id='word_1_114' title='bbox 838 1542 991 1605; x_wconf 93' lang='lat' dir='ltr'><strong>omnibus</strong></span> <span class='ocrx_word' id='word_1_115' title='bbox 1005 1561 1145 1626; x_wconf 87' lang='lat' dir='ltr'><strong>peccau-</strong></span> 
     </span>
    </p>

    <p class='ocr_par' dir='ltr' id='par_1_8' title="bbox 158 1628 1144 1713">
     <span class='ocr_line' id='line_1_14' title="bbox 158 1628 1144 1713; baseline -0.003 -20"><span class='ocrx_word' id='word_1_116' title='bbox 158 1628 260 1706; x_wconf 85' lang='lat' dir='ltr'><strong>tihus‚</strong></span> <span class='ocrx_word' id='word_1_117' title='bbox 281 1638 315 1692; x_wconf 88' lang='lat' dir='ltr'><strong>et</strong></span> <span class='ocrx_word' id='word_1_118' title='bbox 329 1628 447 1713; x_wconf 86' lang='lat' dir='ltr'><strong>punire</strong></span> <span class='ocrx_word' id='word_1_119' title='bbox 464 1629 608 1694; x_wconf 87' lang='lat' dir='ltr'><strong>aeternis</strong></span> <span class='ocrx_word' id='word_1_120' title='bbox 626 1628 744 1713; x_wconf 88' lang='lat' dir='ltr'><strong>poeuis</strong></span> <span class='ocrx_word' id='word_1_121' title='bbox 761 1647 830 1692; x_wconf 88' lang='lat' dir='ltr'><strong>non</strong></span> <span class='ocrx_word' id='word_1_122' title='bbox 847 1638 1058 1712; x_wconf 84' lang='lat' dir='ltr'><strong>praestantes</strong></span> <span class='ocrx_word' id='word_1_123' title='bbox 1069 1647 1144 1713; x_wconf 89' lang='lat' dir='ltr'><strong>per·</strong></span> 
     </span>
    </p>

    <p class='ocr_par' dir='ltr' id='par_1_9' title="bbox 156 1711 536 1779">
     <span class='ocr_line' id='line_1_15' title="bbox 156 1711 536 1779; baseline -0.003 -1"><span class='ocrx_word' id='word_1_124' title='bbox 156 1711 281 1779; x_wconf 81' lang='lat' dir='ltr'><strong>tectam</strong></span> <span class='ocrx_word' id='word_1_125' title='bbox 303 1714 536 1779; x_wconf 88' lang='lat' dir='ltr'><strong>obedientiam.</strong></span> 
     </span>
    </p>
   </div>
   <div class='ocr_carea' id='block_1_7' title="bbox 157 1847 1146 2532">
    <p class='ocr_par' dir='ltr' id='par_1_10' title="bbox 160 1847 1146 2108">
     <span class='ocr_line' id='line_1_16' title="bbox 247 1847 1145 1931; baseline 0.004 -19"><span class='ocrx_word' id='word_1_126' title='bbox 247 1849 345 1923; x_wconf 85' lang='lat' dir='ltr'><strong>Quod</strong></span> <span class='ocrx_word' id='word_1_127' title='bbox 366 1861 475 1915; x_wconf 92' lang='lat' dir='ltr'><strong>autem</strong></span> <span class='ocrx_word' id='word_1_128' title='bbox 498 1850 634 1931; x_wconf 87' lang='lat' dir='ltr'><strong>dicitnr,</strong></span> <span class='ocrx_word' id='word_1_129' title='bbox 661 1849 839 1915; x_wconf 81' lang='lat' dir='ltr'><strong>Traditus</strong></span> <span class='ocrx_word' id='word_1_130' title='bbox 861 1849 950 1928; x_wconf 91' lang='lat' dir='ltr'><strong>Deo,</strong></span> <span class='ocrx_word' id='word_1_131' title='bbox 973 1850 1006 1916; x_wconf 90' lang='lat' dir='ltr'><strong>id</strong></span> <span class='ocrx_word' id='word_1_132' title='bbox 1027 1847 1145 1916; x_wconf 87' lang='lat' dir='ltr'><strong>intelli·</strong></span> 
     </span>
     <span class='ocr_line' id='line_1_17' title="bbox 160 1934 1146 2024; baseline 0.003 -24"><span class='ocrx_word' id='word_1_133' title='bbox 160 1947 258 2024; x_wconf 88' lang='lat' dir='ltr'><strong>gatur</strong></span> <span class='ocrx_word' id='word_1_134' title='bbox 280 1949 423 2023; x_wconf 88' lang='lat' dir='ltr'><strong>utroque</strong></span> <span class='ocrx_word' id='word_1_135' title='bbox 444 1938 555 2016; x_wconf 91' lang='lat' dir='ltr'><strong>modo,</strong></span> <span class='ocrx_word' id='word_1_136' title='bbox 577 1952 609 2001; x_wconf 89' lang='lat' dir='ltr'><strong>et</strong></span> <span class='ocrx_word' id='word_1_137' title='bbox 625 1937 790 2001; x_wconf 90' lang='lat' dir='ltr'><strong>mentibus</strong></span> <span class='ocrx_word' id='word_1_138' title='bbox 812 1934 980 2002; x_wconf 92' lang='lat' dir='ltr'><strong>hominum</strong></span> <span class='ocrx_word' id='word_1_139' title='bbox 1002 1938 1036 2000; x_wconf 95' lang='lat' dir='ltr'><strong>in</strong></span> <span class='ocrx_word' id='word_1_140' title='bbox 1052 1958 1146 2003; x_wconf 87' lang='lat' dir='ltr'><strong>orea-</strong></span> 
     </span>
     <span class='ocr_line' id='line_1_18' title="bbox 161 2022 1145 2108; baseline 0 -20"><span class='ocrx_word' id='word_1_141' title='bbox 161 2024 254 2089; x_wconf 92' lang='lat' dir='ltr'><strong>tione</strong></span> <span class='ocrx_word' id='word_1_142' title='bbox 275 2024 386 2102; x_wconf 87' lang='lat' dir='ltr'><strong>insita,</strong></span> <span class='ocrx_word' id='word_1_143' title='bbox 409 2034 443 2087; x_wconf 92' lang='lat' dir='ltr'><strong>et</strong></span> <span class='ocrx_word' id='word_1_144' title='bbox 467 2034 587 2108; x_wconf 90' lang='lat' dir='ltr'><strong>postea</strong></span> <span class='ocrx_word' id='word_1_145' title='bbox 609 2023 720 2087; x_wconf 89' lang='lat' dir='ltr'><strong>statim</strong></span> <span class='ocrx_word' id='word_1_146' title='bbox 734 2041 822 2087; x_wconf 83' lang='lat' dir='ltr'><strong>voce</strong></span> <span class='ocrx_word' id='word_1_147' title='bbox 844 2022 953 2087; x_wconf 83' lang='lat' dir='ltr'><strong>divina</strong></span> <span class='ocrx_word' id='word_1_148' title='bbox 975 2043 1078 2108; x_wconf 87' lang='lat' dir='ltr'><strong>saepe</strong></span> <span class='ocrx_word' id='word_1_149' title='bbox 1093 2043 1145 2088; x_wconf 88' lang='lat' dir='ltr'><strong>re·</strong></span> 
     </span>
    </p>

    <p class='ocr_par' dir='ltr' id='par_1_11' title="bbox 157 2106 1146 2532">
     <span class='ocr_line' id='line_1_19' title="bbox 184 2106 1146 2193; baseline -0.002 -20"><span class='ocrx_word' id='word_1_150' title='bbox 184 2110 276 2174; x_wconf 90' lang='lat' dir='ltr'><strong>etita.</strong></span> <span class='ocrx_word' id='word_1_151' title='bbox 319 2108 406 2173; x_wconf 87' lang='lat' dir='ltr'><strong>Nam</strong></span> <span class='ocrx_word' id='word_1_152' title='bbox 433 2112 466 2175; x_wconf 91' lang='lat' dir='ltr'><strong>in</strong></span> <span class='ocrx_word' id='word_1_153' title='bbox 495 2111 571 2193; x_wconf 92' lang='lat' dir='ltr'><strong>ipsa</strong></span> <span class='ocrx_word' id='word_1_154' title='bbox 600 2111 786 2187; x_wconf 90' lang='lat' dir='ltr'><strong>creatione,</strong></span> <span class='ocrx_word' id='word_1_155' title='bbox 821 2128 896 2174; x_wconf 85' lang='lat' dir='ltr'><strong>eum</strong></span> <span class='ocrx_word' id='word_1_156' title='bbox 922 2106 1017 2173; x_wconf 87' lang='lat' dir='ltr'><strong>Dens</strong></span> <span class='ocrx_word' id='word_1_157' title='bbox 1043 2106 1146 2174; x_wconf 88' lang='lat' dir='ltr'><strong>vellet</strong></span> 
     </span>
     <span class='ocr_line' id='line_1_20' title="bbox 157 2128 1145 2279; baseline -0.003 -20"><span class='ocrx_word' id='word_1_158' title='bbox 157 2128 324 2260; x_wconf 73' lang='lat' dir='ltr'><strong>hominem</strong></span> <span class='ocrx_word' id='word_1_159' title='bbox 354 2214 432 2258; x_wconf 90' lang='lat' dir='ltr'><strong>esse</strong></span> <span class='ocrx_word' id='word_1_160' title='bbox 463 2195 640 2279; x_wconf 84' lang='lat' dir='ltr'><strong>imaginem</strong></span> <span class='ocrx_word' id='word_1_161' title='bbox 669 2195 866 2272; x_wconf 86' lang='lat' dir='ltr'><strong>conditoris,</strong></span> <span class='ocrx_word' id='word_1_162' title='bbox 900 2193 1080 2258; x_wconf 87' lang='lat' dir='ltr'><strong>transfudit</strong></span> <span class='ocrx_word' id='word_1_163' title='bbox 1111 2196 1145 2257; x_wconf 92' lang='lat' dir='ltr'><strong>in</strong></span> 
     </span>
     <span class='ocr_line' id='line_1_21' title="bbox 159 2280 1146 2365; baseline -0.003 -19"><span class='ocrx_word' id='word_1_164' title='bbox 159 2301 235 2346; x_wconf 89' lang='lat' dir='ltr'><strong>euru</strong></span> <span class='ocrx_word' id='word_1_165' title='bbox 261 2280 390 2344; x_wconf 90' lang='lat' dir='ltr'><strong>radium</strong></span> <span class='ocrx_word' id='word_1_166' title='bbox 405 2281 600 2363; x_wconf 79' lang='lat' dir='ltr'><strong>&#39;sapientiae</strong></span> <span class='ocrx_word' id='word_1_167' title='bbox 628 2290 662 2345; x_wconf 91' lang='lat' dir='ltr'><strong>et</strong></span> <span class='ocrx_word' id='word_1_168' title='bbox 683 2280 826 2345; x_wconf 88' lang='lat' dir='ltr'><strong>iustitiae</strong></span> <span class='ocrx_word' id='word_1_169' title='bbox 848 2300 948 2359; x_wconf 91' lang='lat' dir='ltr'><strong>suae,</strong></span> <span class='ocrx_word' id='word_1_170' title='bbox 976 2281 1031 2365; x_wconf 89' lang='lat' dir='ltr'><strong>qui</strong></span> <span class='ocrx_word' id='word_1_171' title='bbox 1053 2301 1146 2346; x_wconf 92' lang='lat' dir='ltr'><strong>mon-</strong></span> 
     </span>
     <span class='ocr_line' id='line_1_22' title="bbox 159 2364 1145 2450; baseline -0.002 -19"><span class='ocrx_word' id='word_1_172' title='bbox 159 2376 285 2431; x_wconf 88' lang='lat' dir='ltr'><strong>straret</strong></span> <span class='ocrx_word' id='word_1_173' title='bbox 305 2364 433 2444; x_wconf 92' lang='lat' dir='ltr'><strong>Deum,</strong></span> <span class='ocrx_word' id='word_1_174' title='bbox 464 2377 497 2430; x_wconf 90' lang='lat' dir='ltr'><strong>et</strong></span> <span class='ocrx_word' id='word_1_175' title='bbox 523 2377 616 2430; x_wconf 90' lang='lat' dir='ltr'><strong>esset</strong></span> <span class='ocrx_word' id='word_1_176' title='bbox 636 2387 753 2431; x_wconf 88' lang='lat' dir='ltr'><strong>norma</strong></span> <span class='ocrx_word' id='word_1_177' title='bbox 776 2385 966 2450; x_wconf 85' lang='lat' dir='ltr'><strong>congruens</strong></span> <span class='ocrx_word' id='word_1_178' title='bbox 994 2387 1071 2433; x_wconf 90' lang='lat' dir='ltr'><strong>cum</strong></span> <span class='ocrx_word' id='word_1_179' title='bbox 1098 2366 1145 2431; x_wconf 94' lang='lat' dir='ltr'><strong>di·</strong></span> 
     </span>
     <span class='ocr_line' id='line_1_23' title="bbox 162 2453 914 2532; baseline -0.004 -13"><span class='ocrx_word' id='word_1_180' title='bbox 162 2453 241 2519; x_wconf 83' lang='lat' dir='ltr'><strong>vina</strong></span> <span class='ocrx_word' id='word_1_181' title='bbox 262 2463 383 2532; x_wconf 90' lang='lat' dir='ltr'><strong>mente,</strong></span> <span class='ocrx_word' id='word_1_182' title='bbox 405 2453 602 2519; x_wconf 88' lang='lat' dir='ltr'><strong>discernens</strong></span> <span class='ocrx_word' id='word_1_183' title='bbox 623 2453 711 2517; x_wconf 89' lang='lat' dir='ltr'><strong>iusta</strong></span> <span class='ocrx_word' id='word_1_184' title='bbox 728 2461 761 2516; x_wconf 92' lang='lat' dir='ltr'><strong>et</strong></span> <span class='ocrx_word' id='word_1_185' title='bbox 782 2453 914 2517; x_wconf 84' lang='lat' dir='ltr'><strong>iniusta.</strong></span> 
     </span>
    </p>
   </div>
   <div class='ocr_carea' id='block_1_8' title="bbox 158 2587 1147 2914">
    <p class='ocr_par' dir='ltr' id='par_1_12' title="bbox 158 2587 1147 2914">
     <span class='ocr_line' id='line_1_24' title="bbox 245 2587 1146 2675; baseline 0.004 -23"><span class='ocrx_word' id='word_1_186' title='bbox 245 2587 319 2661; x_wconf 86' lang='lat' dir='ltr'><strong>Etsi</strong></span> <span class='ocrx_word' id='word_1_187' title='bbox 343 2601 453 2655; x_wconf 89' lang='lat' dir='ltr'><strong>autem</strong></span> <span class='ocrx_word' id='word_1_188' title='bbox 475 2590 509 2655; x_wconf 92' lang='lat' dir='ltr'><strong>in</strong></span> <span class='ocrx_word' id='word_1_189' title='bbox 531 2589 599 2655; x_wconf 87' lang='lat' dir='ltr'><strong>bac</strong></span> <span class='ocrx_word' id='word_1_190' title='bbox 619 2590 765 2655; x_wconf 84' lang='lat' dir='ltr'><strong>humana</strong></span> <span class='ocrx_word' id='word_1_191' title='bbox 789 2589 932 2674; x_wconf 81' lang='lat' dir='ltr'><strong>caligine</strong></span> <span class='ocrx_word' id='word_1_192' title='bbox 953 2590 1146 2675; x_wconf 89' lang='lat' dir='ltr'><strong>magnitudo</strong></span> 
     </span>
     <span class='ocr_line' id='line_1_25' title="bbox 159 2671 1147 2761; baseline -0.001 -21"><span class='ocrx_word' id='word_1_193' title='bbox 159 2671 290 2740; x_wconf 85' lang='lat' dir='ltr'><strong>consilii</strong></span> <span class='ocrx_word' id='word_1_194' title='bbox 313 2676 414 2741; x_wconf 87' lang='lat' dir='ltr'><strong>divini</strong></span> <span class='ocrx_word' id='word_1_195' title='bbox 439 2677 481 2741; x_wconf 91' lang='lat' dir='ltr'><strong>de</strong></span> <span class='ocrx_word' id='word_1_196' title='bbox 504 2677 691 2755; x_wconf 88' lang='lat' dir='ltr'><strong>creatione,</strong></span> <span class='ocrx_word' id='word_1_197' title='bbox 713 2678 887 2740; x_wconf 90' lang='lat' dir='ltr'><strong>nonsatis</strong></span> <span class='ocrx_word' id='word_1_198' title='bbox 919 2676 1060 2761; x_wconf 86' lang='lat' dir='ltr'><strong>cogitari</strong></span> <span class='ocrx_word' id='word_1_199' title='bbox 1086 2696 1147 2761; x_wconf 91' lang='lat' dir='ltr'><strong>po·</strong></span> 
     </span>
     <span class='ocr_line' id='line_1_26' title="bbox 158 2759 1147 2849; baseline 0 -23"><span class='ocrx_word' id='word_1_200' title='bbox 158 2771 238 2840; x_wconf 91' lang='lat' dir='ltr'><strong>test,</strong></span> <span class='ocrx_word' id='word_1_201' title='bbox 260 2771 371 2826; x_wconf 91' lang='lat' dir='ltr'><strong>tamen</strong></span> <span class='ocrx_word' id='word_1_202' title='bbox 394 2759 622 2849; x_wconf 87' lang='lat' dir='ltr'><strong>aliquomodo</strong></span> <span class='ocrx_word' id='word_1_203' title='bbox 646 2763 885 2830; x_wconf 84' lang='lat' dir='ltr'><strong>exuscitandae</strong></span> <span class='ocrx_word' id='word_1_204' title='bbox 907 2774 986 2829; x_wconf 87' lang='lat' dir='ltr'><strong>sunt</strong></span> <span class='ocrx_word' id='word_1_205' title='bbox 1006 2774 1147 2842; x_wconf 89' lang='lat' dir='ltr'><strong>mentes,</strong></span> 
     </span>
     <span class='ocr_line' id='line_1_27' title="bbox 158 2848 812 2914; baseline 0 -1"><span class='ocrx_word' id='word_1_206' title='bbox 158 2858 197 2913; x_wconf 84' lang='lat' dir='ltr'><strong>nt</strong></span> <span class='ocrx_word' id='word_1_207' title='bbox 219 2848 400 2913; x_wconf 89' lang='lat' dir='ltr'><strong>bonitatem</strong></span> <span class='ocrx_word' id='word_1_208' title='bbox 424 2849 568 2914; x_wconf 86' lang='lat' dir='ltr'><strong>divinam</strong></span> <span class='ocrx_word' id='word_1_209' title='bbox 591 2849 812 2914; x_wconf 81' lang='lat' dir='ltr'><strong>considerent</strong></span> 
     </span>
    </p>
   </div>
   <div class='ocr_carea' id='block_1_9' title="bbox 157 3000 1146 3754">
    <p class='ocr_par' dir='ltr' id='par_1_13' title="bbox 157 3000 1146 3754">
     <span class='ocr_line' id='line_1_28' title="bbox 246 3000 1145 3088; baseline 0.003 -22"><span class='ocrx_word' id='word_1_210' title='bbox 246 3001 378 3074; x_wconf 86' lang='lat' dir='ltr'><strong>Quanta</strong></span> <span class='ocrx_word' id='word_1_211' title='bbox 401 3004 532 3067; x_wconf 91' lang='lat' dir='ltr'><strong>bonitas</strong></span> <span class='ocrx_word' id='word_1_212' title='bbox 555 3015 619 3082; x_wconf 88' lang='lat' dir='ltr'><strong>est,</strong></span> <span class='ocrx_word' id='word_1_213' title='bbox 642 3023 740 3088; x_wconf 89' lang='lat' dir='ltr'><strong>quam</strong></span> <span class='ocrx_word' id='word_1_214' title='bbox 761 3000 893 3067; x_wconf 89' lang='lat' dir='ltr'><strong>illustre</strong></span> <span class='ocrx_word' id='word_1_215' title='bbox 907 3003 1145 3084; x_wconf 86' lang='lat' dir='ltr'><strong>testimouium,</strong></span> 
     </span>
     <span class='ocr_line' id='line_1_29' title="bbox 184 3085 1146 3174; baseline -0.001 -22"><span class='ocrx_word' id='word_1_216' title='bbox 184 3089 250 3152; x_wconf 90' lang='lat' dir='ltr'><strong>irod</strong></span> <span class='ocrx_word' id='word_1_217' title='bbox 272 3087 365 3152; x_wconf 91' lang='lat' dir='ltr'><strong>Deus</strong></span> <span class='ocrx_word' id='word_1_218' title='bbox 389 3085 506 3174; x_wconf 90' lang='lat' dir='ltr'><strong>diligat</strong></span> <span class='ocrx_word' id='word_1_219' title='bbox 527 3088 705 3153; x_wconf 89' lang='lat' dir='ltr'><strong>humanam</strong></span> <span class='ocrx_word' id='word_1_220' title='bbox 726 3100 896 3165; x_wconf 89' lang='lat' dir='ltr'><strong>naturam,</strong></span> <span class='ocrx_word' id='word_1_221' title='bbox 925 3090 1015 3172; x_wconf 89' lang='lat' dir='ltr'><strong>quod</strong></span> <span class='ocrx_word' id='word_1_222' title='bbox 1038 3101 1146 3153; x_wconf 89' lang='lat' dir='ltr'><strong>trans·</strong></span> 
     </span>
     <span class='ocr_line' id='line_1_30' title="bbox 157 3108 1146 3259; baseline -0.001 -20"><span class='ocrx_word' id='word_1_223' title='bbox 157 3108 243 3239; x_wconf 71' lang='lat' dir='ltr'><strong>huit</strong></span> <span class='ocrx_word' id='word_1_224' title='bbox 264 3175 297 3237; x_wconf 91' lang='lat' dir='ltr'><strong>in</strong></span> <span class='ocrx_word' id='word_1_225' title='bbox 319 3173 498 3252; x_wconf 89' lang='lat' dir='ltr'><strong>hominem,</strong></span> <span class='ocrx_word' id='word_1_226' title='bbox 520 3195 561 3238; x_wconf 90' lang='lat' dir='ltr'><strong>ea</strong></span> <span class='ocrx_word' id='word_1_227' title='bbox 578 3195 665 3259; x_wconf 89' lang='lat' dir='ltr'><strong>quac</strong></span> <span class='ocrx_word' id='word_1_228' title='bbox 680 3176 712 3238; x_wconf 93' lang='lat' dir='ltr'><strong>in</strong></span> <span class='ocrx_word' id='word_1_229' title='bbox 731 3175 803 3257; x_wconf 88' lang='lat' dir='ltr'><strong>ipsa</strong></span> <span class='ocrx_word' id='word_1_230' title='bbox 823 3172 886 3239; x_wconf 88' lang='lat' dir='ltr'><strong>Dei</strong></span> <span class='ocrx_word' id='word_1_231' title='bbox 904 3175 1050 3240; x_wconf 89' lang='lat' dir='ltr'><strong>essentia</strong></span> <span class='ocrx_word' id='word_1_232' title='bbox 1068 3185 1146 3239; x_wconf 92' lang='lat' dir='ltr'><strong>sunt</strong></span> 
     </span>
     <span class='ocr_line' id='line_1_31' title="bbox 159 3257 1146 3346; baseline 0.003 -23"><span class='ocrx_word' id='word_1_233' title='bbox 159 3259 296 3344; x_wconf 90' lang='lat' dir='ltr'><strong>optima,</strong></span> <span class='ocrx_word' id='word_1_234' title='bbox 314 3257 444 3324; x_wconf 89' lang='lat' dir='ltr'><strong>scilicet</strong></span> <span class='ocrx_word' id='word_1_235' title='bbox 465 3262 660 3345; x_wconf 83' lang='lat' dir='ltr'><strong>sapientiam</strong></span> <span class='ocrx_word' id='word_1_236' title='bbox 682 3257 769 3346; x_wconf 85' lang='lat' dir='ltr'><strong>legis</strong></span> <span class='ocrx_word' id='word_1_237' title='bbox 792 3272 825 3324; x_wconf 94' lang='lat' dir='ltr'><strong>et</strong></span> <span class='ocrx_word' id='word_1_238' title='bbox 846 3260 1022 3342; x_wconf 86' lang='lat' dir='ltr'><strong>iustitiam,</strong></span> <span class='ocrx_word' id='word_1_239' title='bbox 1046 3272 1079 3326; x_wconf 92' lang='lat' dir='ltr'><strong>et</strong></span> <span class='ocrx_word' id='word_1_240' title='bbox 1102 3262 1146 3326; x_wconf 93' lang='lat' dir='ltr'><strong>si·</strong></span> 
     </span>
     <span class='ocr_line' id='line_1_32' title="bbox 159 3341 1146 3430; baseline 0.004 -22"><span class='ocrx_word' id='word_1_241' title='bbox 159 3341 229 3421; x_wconf 84' lang='lat' dir='ltr'><strong>mul</strong></span> <span class='ocrx_word' id='word_1_242' title='bbox 263 3344 421 3430; x_wconf 88' lang='lat' dir='ltr'><strong>Spiritum</strong></span> <span class='ocrx_word' id='word_1_243' title='bbox 454 3359 606 3411; x_wconf 86' lang='lat' dir='ltr'><strong>sanctum</strong></span> <span class='ocrx_word' id='word_1_244' title='bbox 635 3358 800 3412; x_wconf 88' lang='lat' dir='ltr'><strong>rectorem</strong></span> <span class='ocrx_word' id='word_1_245' title='bbox 821 3345 984 3412; x_wconf 89' lang='lat' dir='ltr'><strong>humanae</strong></span> <span class='ocrx_word' id='word_1_246' title='bbox 1016 3348 1146 3426; x_wconf 89' lang='lat' dir='ltr'><strong>mentis,</strong></span> 
     </span>
     <span class='ocr_line' id='line_1_33' title="bbox 160 3426 1146 3518; baseline 0.001 -21"><span class='ocrx_word' id='word_1_247' title='bbox 160 3426 342 3497; x_wconf 81' lang='lat' dir='ltr'><strong>voluntatis</strong></span> <span class='ocrx_word' id='word_1_248' title='bbox 366 3442 399 3495; x_wconf 91' lang='lat' dir='ltr'><strong>et</strong></span> <span class='ocrx_word' id='word_1_249' title='bbox 421 3432 556 3498; x_wconf 76' lang='lat' dir='ltr'><strong>cordis?</strong></span> <span class='ocrx_word' id='word_1_250' title='bbox 578 3433 632 3518; x_wconf 90' lang='lat' dir='ltr'><strong>qui</strong></span> <span class='ocrx_word' id='word_1_251' title='bbox 659 3431 801 3517; x_wconf 86' lang='lat' dir='ltr'><strong>Spiritus</strong></span> <span class='ocrx_word' id='word_1_252' title='bbox 822 3444 980 3512; x_wconf 92' lang='lat' dir='ltr'><strong>sanctus,</strong></span> <span class='ocrx_word' id='word_1_253' title='bbox 1004 3453 1078 3497; x_wconf 90' lang='lat' dir='ltr'><strong>cum</strong></span> <span class='ocrx_word' id='word_1_254' title='bbox 1101 3435 1146 3499; x_wconf 92' lang='lat' dir='ltr'><strong>sit</strong></span> 
     </span>
     <span class='ocr_line' id='line_1_34' title="bbox 160 3517 1145 3603; baseline 0.004 -23"><span class='ocrx_word' id='word_1_255' title='bbox 160 3517 249 3603; x_wconf 92' lang='lat' dir='ltr'><strong>ignis</strong></span> <span class='ocrx_word' id='word_1_256' title='bbox 271 3518 394 3583; x_wconf 90' lang='lat' dir='ltr'><strong>amoris</strong></span> <span class='ocrx_word' id='word_1_257' title='bbox 418 3518 538 3599; x_wconf 77' lang='lat' dir='ltr'><strong>divini,</strong></span> <span class='ocrx_word' id='word_1_258' title='bbox 573 3520 794 3584; x_wconf 85' lang='lat' dir='ltr'><strong>certissimum</strong></span> <span class='ocrx_word' id='word_1_259' title='bbox 817 3529 868 3584; x_wconf 88' lang='lat' dir='ltr'><strong>est</strong></span> <span class='ocrx_word' id='word_1_260' title='bbox 890 3539 1006 3584; x_wconf 87' lang='lat' dir='ltr'><strong>verum</strong></span> <span class='ocrx_word' id='word_1_261' title='bbox 1035 3530 1069 3584; x_wconf 91' lang='lat' dir='ltr'><strong>et</strong></span> <span class='ocrx_word' id='word_1_262' title='bbox 1098 3521 1145 3584; x_wconf 94' lang='lat' dir='ltr'><strong>in·</strong></span> 
     </span>
     <span class='ocr_line' id='line_1_35' title="bbox 159 3601 1145 3754; baseline 0.005 -88"><span class='ocrx_word' id='word_1_263' title='bbox 159 3612 294 3754; x_wconf 51' lang='lat' dir='ltr'><strong>gpintem</strong></span> <span class='ocrx_word' id='word_1_264' title='bbox 322 3623 470 3670; x_wconf 89' lang='lat' dir='ltr'><strong>amorem</strong></span> <span class='ocrx_word' id='word_1_265' title='bbox 498 3605 532 3671; x_wconf 95' lang='lat' dir='ltr'><strong>in</strong></span> <span class='ocrx_word' id='word_1_266' title='bbox 554 3601 629 3670; x_wconf 90' lang='lat' dir='ltr'><strong>Deo</strong></span> <span class='ocrx_word' id='word_1_267' title='bbox 653 3604 827 3670; x_wconf 90' lang='lat' dir='ltr'><strong>conditore</strong></span> <span class='ocrx_word' id='word_1_268' title='bbox 856 3623 937 3692; x_wconf 89' lang='lat' dir='ltr'><strong>erga</strong></span> <span class='ocrx_word' id='word_1_269' title='bbox 966 3603 1032 3671; x_wconf 89' lang='lat' dir='ltr'><strong>boc</strong></span> <span class='ocrx_word' id='word_1_270' title='bbox 1059 3625 1145 3690; x_wconf 90' lang='lat' dir='ltr'><strong>opus</strong></span> 
     </span>
    </p>

    <p class='ocr_par' dir='ltr' id='par_1_14' title="bbox 210 3708 278 3754">
     <span class='ocr_line' id='line_1_36' title="bbox 210 3708 278 3754; baseline -0.029 0"><span class='ocrx_word' id='word_1_271' title='bbox 210 3708 278 3754; x_wconf 87' lang='lat' dir='ltr'><strong>sse.</strong></span> 
     </span>
    </p>
   </div>
   <div class='ocr_carea' id='block_1_10' title="bbox 160 3841 1146 4017">
    <p class='ocr_par' dir='ltr' id='par_1_15' title="bbox 160 3841 1146 4017">
     <span class='ocr_line' id='line_1_37' title="bbox 252 3841 1145 3933; baseline 0.004 -28"><span class='ocrx_word' id='word_1_272' title='bbox 252 3841 377 3909; x_wconf 86' lang='lat' dir='ltr'><strong>Postea</strong></span> <span class='ocrx_word' id='word_1_273' title='bbox 399 3845 496 3909; x_wconf 89' lang='lat' dir='ltr'><strong>etiam</strong></span> <span class='ocrx_word' id='word_1_274' title='bbox 518 3855 597 3931; x_wconf 91' lang='lat' dir='ltr'><strong>post</strong></span> <span class='ocrx_word' id='word_1_275' title='bbox 616 3843 746 3931; x_wconf 90' lang='lat' dir='ltr'><strong>lapsum</strong></span> <span class='ocrx_word' id='word_1_276' title='bbox 770 3866 846 3911; x_wconf 90' lang='lat' dir='ltr'><strong>cum</strong></span> <span class='ocrx_word' id='word_1_277' title='bbox 868 3844 1031 3912; x_wconf 88' lang='lat' dir='ltr'><strong>beneficia</strong></span> <span class='ocrx_word' id='word_1_278' title='bbox 1052 3845 1145 3933; x_wconf 89' lang='lat' dir='ltr'><strong>prius</strong></span> 
     </span>
     <span class='ocr_line' id='line_1_38' title="bbox 160 3928 1146 4017; baseline 0.005 -25"><span class='ocrx_word' id='word_1_279' title='bbox 160 3928 252 4007; x_wconf 87' lang='lat' dir='ltr'><strong>data,</strong></span> <span class='ocrx_word' id='word_1_280' title='bbox 275 3931 393 4013; x_wconf 89' lang='lat' dir='ltr'><strong>partim</strong></span> <span class='ocrx_word' id='word_1_281' title='bbox 415 3949 557 4014; x_wconf 88' lang='lat' dir='ltr'><strong>prorsus</strong></span> <span class='ocrx_word' id='word_1_282' title='bbox 580 3933 736 4012; x_wconf 85' lang='lat' dir='ltr'><strong>extincta,</strong></span> <span class='ocrx_word' id='word_1_283' title='bbox 757 3934 876 4017; x_wconf 90' lang='lat' dir='ltr'><strong>partim</strong></span> <span class='ocrx_word' id='word_1_284' title='bbox 900 3935 1079 3997; x_wconf 86' lang='lat' dir='ltr'><strong>obscurata</strong></span> <span class='ocrx_word' id='word_1_285' title='bbox 1092 3952 1146 3997; x_wconf 90' lang='lat' dir='ltr'><strong>es·</strong></span> 
     </span>
    </p>
   </div>
   <div class='ocr_carea' id='block_1_11' title="bbox 63 4015 1146 4103">
    <p class='ocr_par' dir='ltr' id='par_1_16' title="bbox 63 4015 1146 4103">
     <span class='ocr_line' id='line_1_39' title="bbox 63 4015 1146 4103; baseline 0.004 -24"><span class='ocrx_word' id='word_1_286' title='bbox 63 4039 70 4046; x_wconf 56' lang='lat'>²</span> <span class='ocrx_word' id='word_1_287' title='bbox 160 4024 254 4093; x_wconf 89' lang='lat' dir='ltr'><strong>sent,</strong></span> <span class='ocrx_word' id='word_1_288' title='bbox 275 4026 309 4079; x_wconf 88' lang='lat' dir='ltr'><strong>at</strong></span> <span class='ocrx_word' id='word_1_289' title='bbox 326 4025 361 4080; x_wconf 91' lang='lat' dir='ltr'><strong>ut</strong></span> <span class='ocrx_word' id='word_1_290' title='bbox 383 4015 425 4080; x_wconf 91' lang='lat' dir='ltr'><strong>de</strong></span> <span class='ocrx_word' id='word_1_291' title='bbox 448 4017 575 4082; x_wconf 87' lang='lat' dir='ltr'><strong>viatore</strong></span> <span class='ocrx_word' id='word_1_292' title='bbox 603 4020 723 4083; x_wconf 87' lang='lat' dir='ltr'><strong>dicitur</strong></span> <span class='ocrx_word' id='word_1_293' title='bbox 743 4019 776 4081; x_wconf 94' lang='lat' dir='ltr'><strong>in</strong></span> <span class='ocrx_word' id='word_1_294' title='bbox 796 4018 905 4098; x_wconf 90' lang='lat' dir='ltr'><strong>Luca,</strong></span> <span class='ocrx_word' id='word_1_295' title='bbox 930 4032 1004 4085; x_wconf 81' lang='lat' dir='ltr'><strong>eum</strong></span> <span class='ocrx_word' id='word_1_296' title='bbox 1026 4020 1146 4103; x_wconf 86' lang='lat' dir='ltr'><strong>partim</strong></span> 
     </span>
    </p>
   </div>
   <div class='ocr_carea' id='block_1_12' title="bbox 160 4098 1148 4622">
    <p class='ocr_par' dir='ltr' id='par_1_17' title="bbox 160 4098 1148 4363">
     <span class='ocr_line' id='line_1_40' title="bbox 160 4098 1146 4192; baseline 0.006 -28"><span class='ocrx_word' id='word_1_297' title='bbox 160 4098 313 4187; x_wconf 84' lang='lat' dir='ltr'><strong>spoliati,</strong></span> <span class='ocrx_word' id='word_1_298' title='bbox 336 4103 454 4187; x_wconf 87' lang='lat' dir='ltr'><strong>partim</strong></span> <span class='ocrx_word' id='word_1_299' title='bbox 483 4100 646 4168; x_wconf 88' lang='lat' dir='ltr'><strong>vulnerati</strong></span> <span class='ocrx_word' id='word_1_300' title='bbox 668 4123 837 4184; x_wconf 86' lang='lat' dir='ltr'><strong>essemus,</strong></span> <span class='ocrx_word' id='word_1_301' title='bbox 866 4106 930 4169; x_wconf 90' lang='lat' dir='ltr'><strong>etsi</strong></span> <span class='ocrx_word' id='word_1_302' title='bbox 953 4102 1063 4192; x_wconf 85' lang='lat' dir='ltr'><strong>caligo</strong></span> <span class='ocrx_word' id='word_1_303' title='bbox 1086 4104 1146 4170; x_wconf 88' lang='lat' dir='ltr'><strong>ali·</strong></span> 
     </span>
     <span class='ocr_line' id='line_1_41' title="bbox 161 4188 1148 4277; baseline 0.004 -24"><span class='ocrx_word' id='word_1_304' title='bbox 161 4207 228 4273; x_wconf 87' lang='lat' dir='ltr'><strong>qua</strong></span> <span class='ocrx_word' id='word_1_305' title='bbox 248 4188 282 4253; x_wconf 92' lang='lat' dir='ltr'><strong>in</strong></span> <span class='ocrx_word' id='word_1_306' title='bbox 305 4199 415 4253; x_wconf 89' lang='lat' dir='ltr'><strong>mente</strong></span> <span class='ocrx_word' id='word_1_307' title='bbox 437 4209 516 4254; x_wconf 89' lang='lat' dir='ltr'><strong>esse</strong></span> <span class='ocrx_word' id='word_1_308' title='bbox 536 4191 656 4274; x_wconf 89' lang='lat' dir='ltr'><strong>coepit,</strong></span> <span class='ocrx_word' id='word_1_309' title='bbox 678 4201 786 4255; x_wconf 91' lang='lat' dir='ltr'><strong>tamen</strong></span> <span class='ocrx_word' id='word_1_310' title='bbox 809 4193 932 4255; x_wconf 89' lang='lat' dir='ltr'><strong>mansit</strong></span> <span class='ocrx_word' id='word_1_311' title='bbox 952 4188 1064 4277; x_wconf 86' lang='lat' dir='ltr'><strong>aliqua</strong></span> <span class='ocrx_word' id='word_1_312' title='bbox 1082 4189 1148 4257; x_wconf 90' lang='lat' dir='ltr'><strong>Le·</strong></span> 
     </span>
     <span class='ocr_line' id='line_1_42' title="bbox 162 4273 1146 4363; baseline 0.004 -25"><span class='ocrx_word' id='word_1_313' title='bbox 162 4274 215 4361; x_wconf 88' lang='lat' dir='ltr'><strong>gis</strong></span> <span class='ocrx_word' id='word_1_314' title='bbox 227 4275 353 4355; x_wconf 88' lang='lat' dir='ltr'><strong>notitia,</strong></span> <span class='ocrx_word' id='word_1_315' title='bbox 376 4275 453 4361; x_wconf 80' lang='lat' dir='ltr'><strong>quia</strong></span> <span class='ocrx_word' id='word_1_316' title='bbox 470 4273 566 4340; x_wconf 90' lang='lat' dir='ltr'><strong>Deus</strong></span> <span class='ocrx_word' id='word_1_317' title='bbox 583 4275 655 4342; x_wconf 84' lang='lat' dir='ltr'><strong>vult</strong></span> <span class='ocrx_word' id='word_1_318' title='bbox 671 4295 710 4341; x_wconf 90' lang='lat' dir='ltr'><strong>se</strong></span> <span class='ocrx_word' id='word_1_319' title='bbox 732 4273 1006 4363; x_wconf 87' lang='lat' dir='ltr'><strong>adhucagnosci‚</strong></span> <span class='ocrx_word' id='word_1_320' title='bbox 1029 4274 1146 4342; x_wconf 86' lang='lat' dir='ltr'><strong>vultet</strong></span> 
     </span>
    </p>

    <p class='ocr_par' dir='ltr' id='par_1_18' title="bbox 161 4359 1145 4622">
     <span class='ocr_line' id='line_1_43' title="bbox 206 4359 1145 4450; baseline 0.003 -26"><span class='ocrx_word' id='word_1_321' title='bbox 206 4373 333 4427; x_wconf 86' lang='lat' dir='ltr'><strong>centum</strong></span> <span class='ocrx_word' id='word_1_322' title='bbox 357 4366 497 4448; x_wconf 76' lang='lat' dir='ltr'><strong>agnosci</strong></span> <span class='ocrx_word' id='word_1_323' title='bbox 518 4382 560 4426; x_wconf 88' lang='lat' dir='ltr'><strong>ac</strong></span> <span class='ocrx_word' id='word_1_324' title='bbox 581 4364 688 4450; x_wconf 87' lang='lat' dir='ltr'><strong>argui,</strong></span> <span class='ocrx_word' id='word_1_325' title='bbox 712 4359 784 4426; x_wconf 84' lang='lat' dir='ltr'><strong>vult</strong></span> <span class='ocrx_word' id='word_1_326' title='bbox 806 4365 904 4427; x_wconf 88' lang='lat' dir='ltr'><strong>etiam</strong></span> <span class='ocrx_word' id='word_1_327' title='bbox 925 4364 1045 4442; x_wconf 86' lang='lat' dir='ltr'><strong>vitam,</strong></span> <span class='ocrx_word' id='word_1_328' title='bbox 1066 4383 1145 4449; x_wconf 88' lang='lat' dir='ltr'><strong>qua·</strong></span> 
     </span>
     <span class='ocr_line' id='line_1_44' title="bbox 187 4446 1145 4536; baseline 0.004 -25"><span class='ocrx_word' id='word_1_329' title='bbox 187 4466 337 4533; x_wconf 74' lang='lat' dir='ltr'><strong>sonoque</strong></span> <span class='ocrx_word' id='word_1_330' title='bbox 364 4446 475 4513; x_wconf 88' lang='lat' dir='ltr'><strong>adhuc</strong></span> <span class='ocrx_word' id='word_1_331' title='bbox 502 4459 571 4529; x_wconf 91' lang='lat' dir='ltr'><strong>est,</strong></span> <span class='ocrx_word' id='word_1_332' title='bbox 604 4446 780 4535; x_wconf 88' lang='lat' dir='ltr'><strong>disciplina</strong></span> <span class='ocrx_word' id='word_1_333' title='bbox 811 4449 896 4535; x_wconf 85' lang='lat' dir='ltr'><strong>regi.</strong></span> <span class='ocrx_word' id='word_1_334' title='bbox 938 4448 1017 4514; x_wconf 86' lang='lat' dir='ltr'><strong>ideo</strong></span> <span class='ocrx_word' id='word_1_335' title='bbox 1033 4446 1145 4536; x_wconf 87' lang='lat' dir='ltr'><strong>aliqua</strong></span> 
     </span>
     <span class='ocr_line' id='line_1_45' title="bbox 161 4531 927 4622; baseline -0.001 -23"><span class='ocrx_word' id='word_1_336' title='bbox 161 4532 267 4620; x_wconf 90' lang='lat' dir='ltr'><strong>Legis</strong></span> <span class='ocrx_word' id='word_1_337' title='bbox 289 4535 409 4600; x_wconf 86' lang='lat' dir='ltr'><strong>notitia</strong></span> <span class='ocrx_word' id='word_1_338' title='bbox 430 4538 552 4600; x_wconf 85' lang='lat' dir='ltr'><strong>mansit</strong></span> <span class='ocrx_word' id='word_1_339' title='bbox 569 4537 667 4603; x_wconf 89' lang='lat' dir='ltr'><strong>etiam</strong></span> <span class='ocrx_word' id='word_1_340' title='bbox 684 4547 764 4621; x_wconf 91' lang='lat' dir='ltr'><strong>post</strong></span> <span class='ocrx_word' id='word_1_341' title='bbox 785 4531 927 4622; x_wconf 90' lang='lat' dir='ltr'><strong>lapsum.</strong></span> 
     </span>
    </p>
   </div>
   <div class='ocr_carea' id='block_1_13' title="bbox 160 4684 1145 4950">
    <p class='ocr_par' dir='ltr' id='par_1_19' title="bbox 160 4684 1145 4950">
     <span class='ocr_line' id='line_1_46' title="bbox 249 4684 1145 4775; baseline 0.004 -25"><span class='ocrx_word' id='word_1_342' title='bbox 249 4684 292 4752; x_wconf 86' lang='lat' dir='ltr'><strong>Et</strong></span> <span class='ocrx_word' id='word_1_343' title='bbox 314 4689 392 4772; x_wconf 91' lang='lat' dir='ltr'><strong>quia</strong></span> <span class='ocrx_word' id='word_1_344' title='bbox 413 4709 502 4754; x_wconf 92' lang='lat' dir='ltr'><strong>nunc</strong></span> <span class='ocrx_word' id='word_1_345' title='bbox 524 4700 577 4756; x_wconf 90' lang='lat' dir='ltr'><strong>est</strong></span> <span class='ocrx_word' id='word_1_346' title='bbox 594 4690 781 4770; x_wconf 85' lang='lat' dir='ltr'><strong>obscurior,</strong></span> <span class='ocrx_word' id='word_1_347' title='bbox 802 4687 897 4755; x_wconf 93' lang='lat' dir='ltr'><strong>Dens</strong></span> <span class='ocrx_word' id='word_1_348' title='bbox 912 4690 987 4775; x_wconf 87' lang='lat' dir='ltr'><strong>ipse</strong></span> <span class='ocrx_word' id='word_1_349' title='bbox 1003 4690 1145 4755; x_wconf 86' lang='lat' dir='ltr'><strong>subinde</strong></span> 
     </span>
     <span class='ocr_line' id='line_1_47' title="bbox 160 4773 1145 4864; baseline 0.003 -26"><span class='ocrx_word' id='word_1_350' title='bbox 160 4773 274 4838; x_wconf 78' lang='lat' dir='ltr'><strong>stetim</strong></span> <span class='ocrx_word' id='word_1_351' title='bbox 302 4785 380 4859; x_wconf 91' lang='lat' dir='ltr'><strong>post</strong></span> <span class='ocrx_word' id='word_1_352' title='bbox 411 4773 543 4860; x_wconf 88' lang='lat' dir='ltr'><strong>lapsum</strong></span> <span class='ocrx_word' id='word_1_353' title='bbox 570 4774 703 4864; x_wconf 87' lang='lat' dir='ltr'><strong>singula</strong></span> <span class='ocrx_word' id='word_1_354' title='bbox 736 4786 918 4863; x_wconf 86' lang='lat' dir='ltr'><strong>praecepta</strong></span> <span class='ocrx_word' id='word_1_355' title='bbox 951 4795 991 4840; x_wconf 89' lang='lat' dir='ltr'><strong>sa</strong></span> <span class='ocrx_word' id='word_1_356' title='bbox 1081 4796 1145 4841; x_wconf 86' lang='lat' dir='ltr'><strong>sna</strong></span> 
     </span>
     <span class='ocr_line' id='line_1_48' title="bbox 161 4857 1143 4950; baseline 0.002 -25"><span class='ocrx_word' id='word_1_357' title='bbox 161 4878 266 4939; x_wconf 76' lang='lat' dir='ltr'><strong>voce,</strong></span> <span class='ocrx_word' id='word_1_358' title='bbox 300 4870 333 4923; x_wconf 90' lang='lat' dir='ltr'><strong>et</strong></span> <span class='ocrx_word' id='word_1_359' title='bbox 355 4857 534 4928; x_wconf 85' lang='lat' dir='ltr'><strong>horrendis</strong></span> <span class='ocrx_word' id='word_1_360' title='bbox 556 4861 716 4948; x_wconf 87' lang='lat' dir='ltr'><strong>exemplis</strong></span> <span class='ocrx_word' id='word_1_361' title='bbox 738 4882 922 4950; x_wconf 89' lang='lat' dir='ltr'><strong>poenarum</strong></span> <span class='ocrx_word' id='word_1_362' title='bbox 951 4862 993 4927; x_wconf 89' lang='lat' dir='ltr'><strong>de</strong></span> <span class='ocrx_word' id='word_1_363' title='bbox 1066 4863 1143 4928; x_wconf 78' lang='lat' dir='ltr'><strong>avit.</strong></span> 
     </span>
    </p>
   </div>
   <div class='ocr_carea' id='block_1_14' title="bbox 1196 628 2181 891">
    <p class='ocr_par' dir='ltr' id='par_1_20' title="bbox 1196 628 2181 891">
     <span class='ocr_line' id='line_1_49' title="bbox 1196 628 2181 716; baseline -0.001 -18"><span class='ocrx_word' id='word_1_364' title='bbox 1196 633 1274 716; x_wconf 91' lang='lat' dir='ltr'><strong>cipit</strong></span> <span class='ocrx_word' id='word_1_365' title='bbox 1296 630 1497 697; x_wconf 89' lang='lat' dir='ltr'><strong>oblationem</strong></span> <span class='ocrx_word' id='word_1_366' title='bbox 1520 628 1626 709; x_wconf 81' lang='lat' dir='ltr'><strong>Abel,</strong></span> <span class='ocrx_word' id='word_1_367' title='bbox 1661 642 1695 696; x_wconf 90' lang='lat' dir='ltr'><strong>et</strong></span> <span class='ocrx_word' id='word_1_368' title='bbox 1717 633 1873 697; x_wconf 90' lang='lat' dir='ltr'><strong>discernit</strong></span> <span class='ocrx_word' id='word_1_369' title='bbox 1900 629 2104 697; x_wconf 89' lang='lat' dir='ltr'><strong>oblationem</strong></span> <span class='ocrx_word' id='word_1_370' title='bbox 2133 629 2181 698; x_wconf 88' lang='lat' dir='ltr'><strong>la·</strong></span> 
     </span>
     <span class='ocr_line' id='line_1_50' title="bbox 1197 714 2181 807; baseline 0.001 -24"><span class='ocrx_word' id='word_1_371' title='bbox 1197 729 1283 783; x_wconf 88' lang='lat' dir='ltr'><strong>ctam</strong></span> <span class='ocrx_word' id='word_1_372' title='bbox 1305 738 1380 783; x_wconf 89' lang='lat' dir='ltr'><strong>cnm</strong></span> <span class='ocrx_word' id='word_1_373' title='bbox 1402 718 1521 782; x_wconf 90' lang='lat' dir='ltr'><strong>timore</strong></span> <span class='ocrx_word' id='word_1_374' title='bbox 1544 729 1579 782; x_wconf 91' lang='lat' dir='ltr'><strong>et</strong></span> <span class='ocrx_word' id='word_1_375' title='bbox 1599 716 1685 796; x_wconf 86' lang='lat' dir='ltr'><strong>fide,</strong></span> <span class='ocrx_word' id='word_1_376' title='bbox 1707 720 1753 783; x_wconf 91' lang='lat' dir='ltr'><strong>ab</strong></span> <span class='ocrx_word' id='word_1_377' title='bbox 1775 714 1943 783; x_wconf 87' lang='lat' dir='ltr'><strong>oblatione</strong></span> <span class='ocrx_word' id='word_1_378' title='bbox 1971 717 2181 807; x_wconf 84' lang='lat' dir='ltr'><strong>hypocritae,</strong></span> 
     </span>
     <span class='ocr_line' id='line_1_51' title="bbox 1196 802 1812 891; baseline 0 -21"><span class='ocrx_word' id='word_1_379' title='bbox 1196 805 1252 891; x_wconf 86' lang='lat' dir='ltr'><strong>qui</strong></span> <span class='ocrx_word' id='word_1_380' title='bbox 1274 805 1423 870; x_wconf 90' lang='lat' dir='ltr'><strong>estsine</strong></span> <span class='ocrx_word' id='word_1_381' title='bbox 1445 803 1563 868; x_wconf 88' lang='lat' dir='ltr'><strong>timore</strong></span> <span class='ocrx_word' id='word_1_382' title='bbox 1586 814 1620 868; x_wconf 87' lang='lat' dir='ltr'><strong>et</strong></span> <span class='ocrx_word' id='word_1_383' title='bbox 1641 806 1715 870; x_wconf 91' lang='lat' dir='ltr'><strong>sine</strong></span> <span class='ocrx_word' id='word_1_384' title='bbox 1736 802 1812 870; x_wconf 84' lang='lat' dir='ltr'><strong>fide.</strong></span> 
     </span>
    </p>
   </div>
   <div class='ocr_carea' id='block_1_15' title="bbox 1195 955 2243 1390">
    <p class='ocr_par' dir='ltr' id='par_1_21' title="bbox 1195 955 2243 1390">
     <span class='ocr_line' id='line_1_52' title="bbox 1281 955 2182 1044; baseline 0.003 -21"><span class='ocrx_word' id='word_1_385' title='bbox 1281 958 1408 1025; x_wconf 90' lang='lat' dir='ltr'><strong>Postea</strong></span> <span class='ocrx_word' id='word_1_386' title='bbox 1429 960 1529 1025; x_wconf 90' lang='lat' dir='ltr'><strong>etiam</strong></span> <span class='ocrx_word' id='word_1_387' title='bbox 1551 958 1768 1044; x_wconf 87' lang='lat' dir='ltr'><strong>prohibentur</strong></span> <span class='ocrx_word' id='word_1_388' title='bbox 1789 959 1902 1025; x_wconf 90' lang='lat' dir='ltr'><strong>odium</strong></span> <span class='ocrx_word' id='word_1_389' title='bbox 1922 955 2037 1025; x_wconf 81' lang='lat' dir='ltr'><strong>fratris</strong></span> <span class='ocrx_word' id='word_1_390' title='bbox 2065 970 2100 1026; x_wconf 89' lang='lat' dir='ltr'><strong>et</strong></span> <span class='ocrx_word' id='word_1_391' title='bbox 2121 957 2182 1026; x_wconf 91' lang='lat' dir='ltr'><strong>ho·</strong></span> 
     </span>
     <span class='ocr_line' id='line_1_53' title="bbox 1195 1043 2182 1134; baseline 0.001 -23"><span class='ocrx_word' id='word_1_392' title='bbox 1195 1046 1378 1125; x_wconf 89' lang='lat' dir='ltr'><strong>micidium,</strong></span> <span class='ocrx_word' id='word_1_393' title='bbox 1406 1055 1440 1110; x_wconf 92' lang='lat' dir='ltr'><strong>et</strong></span> <span class='ocrx_word' id='word_1_394' title='bbox 1462 1043 1622 1130; x_wconf 85' lang='lat' dir='ltr'><strong>generale</strong></span> <span class='ocrx_word' id='word_1_395' title='bbox 1650 1057 1864 1130; x_wconf 86' lang='lat' dir='ltr'><strong>praeceptum</strong></span> <span class='ocrx_word' id='word_1_396' title='bbox 1897 1046 2054 1125; x_wconf 87' lang='lat' dir='ltr'><strong>traditur,</strong></span> <span class='ocrx_word' id='word_1_397' title='bbox 2086 1048 2182 1134; x_wconf 87' lang='lat' dir='ltr'><strong>quod</strong></span> 
     </span>
     <span class='ocr_line' id='line_1_54' title="bbox 1196 1130 2181 1217; baseline 0.001 -19"><span class='ocrx_word' id='word_1_398' title='bbox 1196 1132 1330 1198; x_wconf 90' lang='lat' dir='ltr'><strong>mandat</strong></span> <span class='ocrx_word' id='word_1_399' title='bbox 1359 1152 1474 1197; x_wconf 90' lang='lat' dir='ltr'><strong>omnes</strong></span> <span class='ocrx_word' id='word_1_400' title='bbox 1503 1132 1643 1197; x_wconf 83' lang='lat' dir='ltr'><strong>vitiosas</strong></span> <span class='ocrx_word' id='word_1_401' title='bbox 1671 1132 1891 1217; x_wconf 87' lang='lat' dir='ltr'><strong>adpetitiones</strong></span> <span class='ocrx_word' id='word_1_402' title='bbox 1922 1130 2058 1199; x_wconf 77' lang='lat' dir='ltr'><strong>frenari.</strong></span> <span class='ocrx_word' id='word_1_403' title='bbox 2108 1132 2181 1199; x_wconf 89' lang='lat' dir='ltr'><strong>Sub</strong></span> 
     </span>
     <span class='ocr_line' id='line_1_55' title="bbox 1195 1219 2179 1304; baseline 0 -19"><span class='ocrx_word' id='word_1_404' title='bbox 1195 1231 1230 1285; x_wconf 92' lang='lat' dir='ltr'><strong>te</strong></span> <span class='ocrx_word' id='word_1_405' title='bbox 1241 1220 1286 1282; x_wconf 90' lang='lat' dir='ltr'><strong>sit</strong></span> <span class='ocrx_word' id='word_1_406' title='bbox 1301 1219 1468 1303; x_wconf 90' lang='lat' dir='ltr'><strong>adpetitus</strong></span> <span class='ocrx_word' id='word_1_407' title='bbox 1490 1230 1582 1296; x_wconf 89' lang='lat' dir='ltr'><strong>tuns,</strong></span> <span class='ocrx_word' id='word_1_408' title='bbox 1604 1230 1637 1284; x_wconf 88' lang='lat' dir='ltr'><strong>et</strong></span> <span class='ocrx_word' id='word_1_409' title='bbox 1654 1228 1690 1283; x_wconf 95' lang='lat' dir='ltr'><strong>tu</strong></span> <span class='ocrx_word' id='word_1_410' title='bbox 1706 1219 1884 1283; x_wconf 87' lang='lat' dir='ltr'><strong>domineris</strong></span> <span class='ocrx_word' id='word_1_411' title='bbox 1900 1219 2017 1304; x_wconf 87' lang='lat' dir='ltr'><strong>ipsius.</strong></span> <span class='ocrx_word' id='word_1_412' title='bbox 2047 1219 2179 1285; x_wconf 81' lang='lat' dir='ltr'><strong>Deinde</strong></span> 
     </span>
     <span class='ocr_line' id='line_1_56' title="bbox 1196 1302 2243 1390; baseline 0.003 -22"><span class='ocrx_word' id='word_1_413' title='bbox 1196 1305 1336 1389; x_wconf 88' lang='lat' dir='ltr'><strong>repetita</strong></span> <span class='ocrx_word' id='word_1_414' title='bbox 1358 1315 1412 1369; x_wconf 90' lang='lat' dir='ltr'><strong>est</strong></span> <span class='ocrx_word' id='word_1_415' title='bbox 1439 1305 1617 1389; x_wconf 91' lang='lat' dir='ltr'><strong>prohibitio</strong></span> <span class='ocrx_word' id='word_1_416' title='bbox 1639 1302 1823 1383; x_wconf 87' lang='lat' dir='ltr'><strong>homicidii,</strong></span> <span class='ocrx_word' id='word_1_417' title='bbox 1851 1306 1984 1390; x_wconf 89' lang='lat' dir='ltr'><strong>quando</strong></span> <span class='ocrx_word' id='word_1_418' title='bbox 2012 1304 2112 1371; x_wconf 85' lang='lat' dir='ltr'><strong>Noha</strong></span> <span class='ocrx_word' id='word_1_419' title='bbox 2140 1326 2183 1371; x_wconf 86' lang='lat' dir='ltr'><strong>ex</strong></span> <span class='ocrx_word' id='word_1_420' title='bbox 2235 1348 2243 1361; x_wconf 74' lang='lat'><em>·</em></span> 
     </span>
    </p>
   </div>
   <div class='ocr_carea' id='block_1_16' title="bbox 1196 1389 2298 1478">
    <p class='ocr_par' dir='ltr' id='par_1_22' title="bbox 1196 1389 2298 1478">
     <span class='ocr_line' id='line_1_57' title="bbox 1196 1389 2298 1478; baseline 0.005 -23"><span class='ocrx_word' id='word_1_421' title='bbox 1196 1410 1277 1455; x_wconf 91' lang='lat' dir='ltr'><strong>area</strong></span> <span class='ocrx_word' id='word_1_422' title='bbox 1299 1410 1460 1478; x_wconf 74' lang='lat' dir='ltr'><strong>egressus</strong></span> <span class='ocrx_word' id='word_1_423' title='bbox 1483 1403 1545 1456; x_wconf 91' lang='lat' dir='ltr'><strong>est.</strong></span> <span class='ocrx_word' id='word_1_424' title='bbox 1579 1389 1621 1455; x_wconf 87' lang='lat' dir='ltr'><strong>Et</strong></span> <span class='ocrx_word' id='word_1_425' title='bbox 1643 1389 1819 1476; x_wconf 90' lang='lat' dir='ltr'><strong>prohibitio</strong></span> <span class='ocrx_word' id='word_1_426' title='bbox 1835 1412 1997 1477; x_wconf 85' lang='lat' dir='ltr'><strong>vagarum</strong></span> <span class='ocrx_word' id='word_1_427' title='bbox 2008 1389 2182 1459; x_wconf 87' lang='lat' dir='ltr'><strong>libidinum</strong></span> <span class='ocrx_word' id='word_1_428' title='bbox 2295 1403 2298 1410; x_wconf 85' lang='lat'>&#39;</span> 
     </span>
    </p>
   </div>
   <div class='ocr_carea' id='block_1_17' title="bbox 1196 1474 2183 1973">
    <p class='ocr_par' dir='ltr' id='par_1_23' title="bbox 1196 1474 2183 1973">
     <span class='ocr_line' id='line_1_58' title="bbox 1196 1474 2181 1562; baseline 0 -20"><span class='ocrx_word' id='word_1_429' title='bbox 1196 1476 1315 1542; x_wconf 88' lang='lat' dir='ltr'><strong>tradita</strong></span> <span class='ocrx_word' id='word_1_430' title='bbox 1337 1478 1465 1542; x_wconf 89' lang='lat' dir='ltr'><strong>eratin</strong></span> <span class='ocrx_word' id='word_1_431' title='bbox 1487 1477 1649 1542; x_wconf 91' lang='lat' dir='ltr'><strong>Paradisc</strong></span> <span class='ocrx_word' id='word_1_432' title='bbox 1673 1496 1838 1562; x_wconf 78' lang='lat' dir='ltr'><strong>expressa</strong></span> <span class='ocrx_word' id='word_1_433' title='bbox 1854 1498 1958 1557; x_wconf 84' lang='lat' dir='ltr'><strong>voce,</strong></span> <span class='ocrx_word' id='word_1_434' title='bbox 1979 1474 2085 1543; x_wconf 85' lang='lat' dir='ltr'><strong>Erunt</strong></span> <span class='ocrx_word' id='word_1_435' title='bbox 2113 1480 2181 1544; x_wconf 91' lang='lat' dir='ltr'><strong>duo</strong></span> 
     </span>
     <span class='ocr_line' id='line_1_59' title="bbox 1196 1561 2183 1644; baseline 0.003 -17"><span class='ocrx_word' id='word_1_436' title='bbox 1196 1563 1231 1627; x_wconf 90' lang='lat' dir='ltr'><strong>iu</strong></span> <span class='ocrx_word' id='word_1_437' title='bbox 1253 1583 1388 1629; x_wconf 87' lang='lat' dir='ltr'><strong>carnem</strong></span> <span class='ocrx_word' id='word_1_438' title='bbox 1405 1584 1516 1642; x_wconf 90' lang='lat' dir='ltr'><strong>unam,</strong></span> <span class='ocrx_word' id='word_1_439' title='bbox 1538 1564 1573 1628; x_wconf 93' lang='lat' dir='ltr'><strong>id</strong></span> <span class='ocrx_word' id='word_1_440' title='bbox 1594 1575 1659 1644; x_wconf 90' lang='lat' dir='ltr'><strong>est,</strong></span> <span class='ocrx_word' id='word_1_441' title='bbox 1680 1582 1767 1628; x_wconf 88' lang='lat' dir='ltr'><strong>unus</strong></span> <span class='ocrx_word' id='word_1_442' title='bbox 1789 1583 1874 1643; x_wconf 75' lang='lat' dir='ltr'><strong>mae,</strong></span> <span class='ocrx_word' id='word_1_443' title='bbox 1898 1574 1931 1628; x_wconf 90' lang='lat' dir='ltr'><strong>et</strong></span> <span class='ocrx_word' id='word_1_444' title='bbox 1953 1585 2021 1630; x_wconf 90' lang='lat' dir='ltr'><strong>uua</strong></span> <span class='ocrx_word' id='word_1_445' title='bbox 2036 1561 2183 1630; x_wconf 83' lang='lat' dir='ltr'><strong>foemina</strong></span> 
     </span>
     <span class='ocr_line' id='line_1_60' title="bbox 1197 1646 2183 1735; baseline 0.002 -22"><span class='ocrx_word' id='word_1_446' title='bbox 1197 1646 1461 1735; x_wconf 88' lang='lat' dir='ltr'><strong>inseparabiliter</strong></span> <span class='ocrx_word' id='word_1_447' title='bbox 1481 1650 1668 1735; x_wconf 87' lang='lat' dir='ltr'><strong>iungantur.</strong></span> <span class='ocrx_word' id='word_1_448' title='bbox 1711 1647 1755 1714; x_wconf 84' lang='lat' dir='ltr'><strong>Et</strong></span> <span class='ocrx_word' id='word_1_449' title='bbox 1771 1670 1900 1735; x_wconf 90' lang='lat' dir='ltr'><strong>poenae</strong></span> <span class='ocrx_word' id='word_1_450' title='bbox 1921 1648 2100 1717; x_wconf 88' lang='lat' dir='ltr'><strong>horribiles</strong></span> <span class='ocrx_word' id='word_1_451' title='bbox 2122 1649 2183 1716; x_wconf 92' lang='lat' dir='ltr'><strong>ho·</strong></span> 
     </span>
     <span class='ocr_line' id='line_1_61' title="bbox 1197 1733 2183 1822; baseline -0.001 -18"><span class='ocrx_word' id='word_1_452' title='bbox 1197 1736 1318 1804; x_wconf 87' lang='lat' dir='ltr'><strong>micidii</strong></span> <span class='ocrx_word' id='word_1_453' title='bbox 1342 1746 1376 1801; x_wconf 91' lang='lat' dir='ltr'><strong>at</strong></span> <span class='ocrx_word' id='word_1_454' title='bbox 1403 1756 1564 1822; x_wconf 87' lang='lat' dir='ltr'><strong>vagarum</strong></span> <span class='ocrx_word' id='word_1_455' title='bbox 1586 1733 1757 1802; x_wconf 88' lang='lat' dir='ltr'><strong>libidinum</strong></span> <span class='ocrx_word' id='word_1_456' title='bbox 1780 1733 2035 1803; x_wconf 87' lang='lat' dir='ltr'><strong>declaraverunt</strong></span> <span class='ocrx_word' id='word_1_457' title='bbox 2065 1735 2183 1804; x_wconf 87' lang='lat' dir='ltr'><strong>volun·</strong></span> 
     </span>
     <span class='ocr_line' id='line_1_62' title="bbox 1197 1819 2183 1973; baseline 0.003 -88"><span class='ocrx_word' id='word_1_458' title='bbox 1197 1833 1299 1973; x_wconf 63' lang='lat' dir='ltr'><strong>tsatpm</strong></span> <span class='ocrx_word' id='word_1_459' title='bbox 1321 1821 1386 1886; x_wconf 91' lang='lat' dir='ltr'><strong>Dei</strong></span> <span class='ocrx_word' id='word_1_460' title='bbox 1415 1824 1457 1887; x_wconf 89' lang='lat' dir='ltr'><strong>ab</strong></span> <span class='ocrx_word' id='word_1_461' title='bbox 1487 1821 1599 1902; x_wconf 88' lang='lat' dir='ltr'><strong>initio,</strong></span> <span class='ocrx_word' id='word_1_462' title='bbox 1619 1832 1657 1888; x_wconf 91' lang='lat' dir='ltr'><strong>ut</strong></span> <span class='ocrx_word' id='word_1_463' title='bbox 1677 1824 1712 1889; x_wconf 93' lang='lat' dir='ltr'><strong>in</strong></span> <span class='ocrx_word' id='word_1_464' title='bbox 1733 1819 1871 1907; x_wconf 89' lang='lat' dir='ltr'><strong>diluvio,</strong></span> <span class='ocrx_word' id='word_1_465' title='bbox 1894 1833 1928 1888; x_wconf 89' lang='lat' dir='ltr'><strong>et</strong></span> <span class='ocrx_word' id='word_1_466' title='bbox 1948 1823 1983 1887; x_wconf 91' lang='lat' dir='ltr'><strong>in</strong></span> <span class='ocrx_word' id='word_1_467' title='bbox 2006 1826 2183 1890; x_wconf 87' lang='lat' dir='ltr'><strong>eversione</strong></span> 
     </span>
    </p>

    <p class='ocr_par' dir='ltr' id='par_1_24' title="bbox 1226 1928 2178 1973">
     <span class='ocr_line' id='line_1_63' title="bbox 1226 1928 2178 1973; baseline 0.002 0"><span class='ocrx_word' id='word_1_468' title='bbox 1226 1930 1246 1973; x_wconf 97' lang='lat' dir='ltr'><strong>o</strong></span> <span class='ocrx_word' id='word_1_469' title='bbox 1271 1928 1377 1973; x_wconf 89' lang='lat' dir='ltr'><strong>omae.</strong></span> <span class='ocrx_word' id='word_1_470' title='bbox 2165 1934 2178 1953; x_wconf 75' lang='lat'>=</span> 
     </span>
    </p>
   </div>
   <div class='ocr_carea' id='block_1_18' title="bbox 1195 2060 2221 2732">
    <p class='ocr_par' dir='ltr' id='par_1_25' title="bbox 1195 2060 2221 2732">
     <span class='ocr_line' id='line_1_64' title="bbox 1282 2060 2183 2149; baseline 0.004 -23"><span class='ocrx_word' id='word_1_471' title='bbox 1282 2060 1407 2128; x_wconf 87' lang='lat' dir='ltr'><strong>Postea</strong></span> <span class='ocrx_word' id='word_1_472' title='bbox 1438 2065 1567 2149; x_wconf 87' lang='lat' dir='ltr'><strong>integre</strong></span> <span class='ocrx_word' id='word_1_473' title='bbox 1596 2074 1631 2127; x_wconf 91' lang='lat' dir='ltr'><strong>et</strong></span> <span class='ocrx_word' id='word_1_474' title='bbox 1658 2061 1775 2127; x_wconf 89' lang='lat' dir='ltr'><strong>ordine</strong></span> <span class='ocrx_word' id='word_1_475' title='bbox 1804 2063 1925 2128; x_wconf 90' lang='lat' dir='ltr'><strong>tradita</strong></span> <span class='ocrx_word' id='word_1_476' title='bbox 1946 2076 1999 2130; x_wconf 90' lang='lat' dir='ltr'><strong>est</strong></span> <span class='ocrx_word' id='word_1_477' title='bbox 2025 2062 2098 2130; x_wconf 86' lang='lat' dir='ltr'><strong>Lex</strong></span> <span class='ocrx_word' id='word_1_478' title='bbox 2145 2083 2183 2130; x_wconf 87' lang='lat' dir='ltr'><strong>er</strong></span> 
     </span>
     <span class='ocr_line' id='line_1_65' title="bbox 1197 2145 2183 2234; baseline 0.004 -22"><span class='ocrx_word' id='word_1_479' title='bbox 1197 2146 1344 2222; x_wconf 88' lang='lat' dir='ltr'><strong>bloiseu,</strong></span> <span class='ocrx_word' id='word_1_480' title='bbox 1374 2159 1407 2214; x_wconf 88' lang='lat' dir='ltr'><strong>et</strong></span> <span class='ocrx_word' id='word_1_481' title='bbox 1430 2150 1625 2214; x_wconf 81' lang='lat' dir='ltr'><strong>confirmata</strong></span> <span class='ocrx_word' id='word_1_482' title='bbox 1646 2145 1759 2214; x_wconf 89' lang='lat' dir='ltr'><strong>multis</strong></span> <span class='ocrx_word' id='word_1_483' title='bbox 1780 2149 1973 2234; x_wconf 90' lang='lat' dir='ltr'><strong>ingentibus</strong></span> <span class='ocrx_word' id='word_1_484' title='bbox 1999 2152 2103 2216; x_wconf 90' lang='lat' dir='ltr'><strong>mirac</strong></span> <span class='ocrx_word' id='word_1_485' title='bbox 2141 2152 2183 2231; x_wconf 89' lang='lat' dir='ltr'><strong>&#39;s,</strong></span> 
     </span>
     <span class='ocr_line' id='line_1_66' title="bbox 1196 2233 2183 2320; baseline 0.004 -22"><span class='ocrx_word' id='word_1_486' title='bbox 1196 2245 1231 2298; x_wconf 91' lang='lat' dir='ltr'><strong>et</strong></span> <span class='ocrx_word' id='word_1_487' title='bbox 1252 2254 1381 2300; x_wconf 92' lang='lat' dir='ltr'><strong>summa</strong></span> <span class='ocrx_word' id='word_1_488' title='bbox 1402 2234 1504 2320; x_wconf 87' lang='lat' dir='ltr'><strong>Legis</strong></span> <span class='ocrx_word' id='word_1_489' title='bbox 1526 2233 1663 2300; x_wconf 91' lang='lat' dir='ltr'><strong>moralis</strong></span> <span class='ocrx_word' id='word_1_490' title='bbox 1685 2255 1771 2301; x_wconf 86' lang='lat' dir='ltr'><strong>voce</strong></span> <span class='ocrx_word' id='word_1_491' title='bbox 1799 2235 1863 2301; x_wconf 88' lang='lat' dir='ltr'><strong>Dei</strong></span> <span class='ocrx_word' id='word_1_492' title='bbox 1890 2235 1922 2299; x_wconf 93' lang='lat' dir='ltr'><strong>in</strong></span> <span class='ocrx_word' id='word_1_493' title='bbox 1949 2248 2062 2302; x_wconf 91' lang='lat' dir='ltr'><strong>monte</strong></span> <span class='ocrx_word' id='word_1_494' title='bbox 2090 2235 2183 2302; x_wconf 66' lang='lat' dir='ltr'><strong>Sicu</strong></span> 
     </span>
     <span class='ocr_line' id='line_1_67' title="bbox 1196 2317 2182 2406; baseline 0.006 -23"><span class='ocrx_word' id='word_1_495' title='bbox 1196 2322 1407 2405; x_wconf 89' lang='lat' dir='ltr'><strong>pronuntiata</strong></span> <span class='ocrx_word' id='word_1_496' title='bbox 1429 2333 1493 2398; x_wconf 90' lang='lat' dir='ltr'><strong>est,</strong></span> <span class='ocrx_word' id='word_1_497' title='bbox 1516 2331 1551 2386; x_wconf 88' lang='lat' dir='ltr'><strong>et</strong></span> <span class='ocrx_word' id='word_1_498' title='bbox 1571 2317 1696 2406; x_wconf 81' lang='lat' dir='ltr'><strong>scripta</strong></span> <span class='ocrx_word' id='word_1_499' title='bbox 1718 2323 1751 2385; x_wconf 92' lang='lat' dir='ltr'><strong>in</strong></span> <span class='ocrx_word' id='word_1_500' title='bbox 1774 2323 1882 2385; x_wconf 89' lang='lat' dir='ltr'><strong>sacris</strong></span> <span class='ocrx_word' id='word_1_501' title='bbox 1903 2319 2042 2388; x_wconf 85' lang='lat' dir='ltr'><strong>Tabulis</strong></span> <span class='ocrx_word' id='word_1_502' title='bbox 2065 2323 2182 2389; x_wconf 88' lang='lat' dir='ltr'><strong>divini·</strong></span> 
     </span>
     <span class='ocr_line' id='line_1_68' title="bbox 1195 2404 2182 2493; baseline 0 -20"><span class='ocrx_word' id='word_1_503' title='bbox 1195 2417 1263 2486; x_wconf 90' lang='lat' dir='ltr'><strong>tus,</strong></span> <span class='ocrx_word' id='word_1_504' title='bbox 1284 2409 1363 2493; x_wconf 94' lang='lat' dir='ltr'><strong>quia</strong></span> <span class='ocrx_word' id='word_1_505' title='bbox 1384 2404 1490 2472; x_wconf 89' lang='lat' dir='ltr'><strong>voluit</strong></span> <span class='ocrx_word' id='word_1_506' title='bbox 1511 2405 1607 2472; x_wconf 91' lang='lat' dir='ltr'><strong>Deus</strong></span> <span class='ocrx_word' id='word_1_507' title='bbox 1629 2417 1745 2472; x_wconf 86' lang='lat' dir='ltr'><strong>extare</strong></span> <span class='ocrx_word' id='word_1_508' title='bbox 1767 2406 1894 2493; x_wconf 90' lang='lat' dir='ltr'><strong>Legem</strong></span> <span class='ocrx_word' id='word_1_509' title='bbox 1918 2409 2015 2473; x_wconf 90' lang='lat' dir='ltr'><strong>etiam</strong></span> <span class='ocrx_word' id='word_1_510' title='bbox 2043 2411 2076 2475; x_wconf 94' lang='lat' dir='ltr'><strong>in</strong></span> <span class='ocrx_word' id='word_1_511' title='bbox 2099 2409 2182 2473; x_wconf 89' lang='lat' dir='ltr'><strong>scri·</strong></span> 
     </span>
     <span class='ocr_line' id='line_1_69' title="bbox 1196 2490 2182 2583; baseline 0.004 -25"><span class='ocrx_word' id='word_1_512' title='bbox 1196 2504 1267 2578; x_wconf 91' lang='lat' dir='ltr'><strong>pto,</strong></span> <span class='ocrx_word' id='word_1_513' title='bbox 1291 2505 1325 2557; x_wconf 90' lang='lat' dir='ltr'><strong>et</strong></span> <span class='ocrx_word' id='word_1_514' title='bbox 1346 2494 1472 2559; x_wconf 86' lang='lat' dir='ltr'><strong>addidit</strong></span> <span class='ocrx_word' id='word_1_515' title='bbox 1492 2490 1671 2572; x_wconf 88' lang='lat' dir='ltr'><strong>miracula,</strong></span> <span class='ocrx_word' id='word_1_516' title='bbox 1692 2505 1729 2558; x_wconf 91' lang='lat' dir='ltr'><strong>ut</strong></span> <span class='ocrx_word' id='word_1_517' title='bbox 1750 2506 1875 2559; x_wconf 90' lang='lat' dir='ltr'><strong>certum</strong></span> <span class='ocrx_word' id='word_1_518' title='bbox 1898 2495 1941 2559; x_wconf 90' lang='lat' dir='ltr'><strong>sit</strong></span> <span class='ocrx_word' id='word_1_519' title='bbox 1961 2493 2049 2562; x_wconf 86' lang='lat' dir='ltr'><strong>hanc</strong></span> <span class='ocrx_word' id='word_1_520' title='bbox 2070 2494 2182 2583; x_wconf 85' lang='lat' dir='ltr'><strong>legem</strong></span> 
     </span>
     <span class='ocr_line' id='line_1_70' title="bbox 1198 2580 2221 2667; baseline 0.004 -22"><span class='ocrx_word' id='word_1_521' title='bbox 1198 2598 1275 2645; x_wconf 89' lang='lat' dir='ltr'><strong>esse</strong></span> <span class='ocrx_word' id='word_1_522' title='bbox 1307 2598 1459 2646; x_wconf 89' lang='lat' dir='ltr'><strong>normam</strong></span> <span class='ocrx_word' id='word_1_523' title='bbox 1487 2591 1656 2646; x_wconf 88' lang='lat' dir='ltr'><strong>aeternam</strong></span> <span class='ocrx_word' id='word_1_524' title='bbox 1677 2580 1789 2647; x_wconf 91' lang='lat' dir='ltr'><strong>iudicii</strong></span> <span class='ocrx_word' id='word_1_525' title='bbox 1811 2581 1930 2660; x_wconf 87' lang='lat' dir='ltr'><strong>divini,</strong></span> <span class='ocrx_word' id='word_1_526' title='bbox 1965 2593 2082 2649; x_wconf 86' lang='lat' dir='ltr'><strong>contra</strong></span> <span class='ocrx_word' id='word_1_527' title='bbox 2102 2600 2182 2667; x_wconf 85' lang='lat' dir='ltr'><strong>pec·</strong></span> <span class='ocrx_word' id='word_1_528' title='bbox 2218 2644 2221 2649; x_wconf 90' lang='lat'>.</span> 
     </span>
     <span class='ocr_line' id='line_1_71' title="bbox 1197 2677 1318 2732; baseline -0.008 -1"><span class='ocrx_word' id='word_1_529' title='bbox 1197 2677 1318 2732; x_wconf 77' lang='lat' dir='ltr'><strong>catum.</strong></span> 
     </span>
    </p>
   </div>
   <div class='ocr_carea' id='block_1_19' title="bbox 1196 2819 2181 3254">
    <p class='ocr_par' dir='ltr' id='par_1_26' title="bbox 1196 2819 2181 3254">
     <span class='ocr_line' id='line_1_72' title="bbox 1284 2819 2179 2907; baseline 0.001 -21"><span class='ocrx_word' id='word_1_530' title='bbox 1284 2820 1328 2886; x_wconf 79' lang='lat' dir='ltr'><strong>Er</strong></span> <span class='ocrx_word' id='word_1_531' title='bbox 1347 2832 1467 2907; x_wconf 91' lang='lat' dir='ltr'><strong>postea</strong></span> <span class='ocrx_word' id='word_1_532' title='bbox 1488 2822 1523 2885; x_wconf 92' lang='lat' dir='ltr'><strong>in</strong></span> <span class='ocrx_word' id='word_1_533' title='bbox 1544 2831 1615 2885; x_wconf 91' lang='lat' dir='ltr'><strong>toto</strong></span> <span class='ocrx_word' id='word_1_534' title='bbox 1638 2840 1762 2907; x_wconf 87' lang='lat' dir='ltr'><strong>genere</strong></span> <span class='ocrx_word' id='word_1_535' title='bbox 1784 2819 1929 2886; x_wconf 90' lang='lat' dir='ltr'><strong>humano</strong></span> <span class='ocrx_word' id='word_1_536' title='bbox 1955 2840 2084 2906; x_wconf 88' lang='lat' dir='ltr'><strong>poenae</strong></span> <span class='ocrx_word' id='word_1_537' title='bbox 2104 2840 2179 2887; x_wconf 87' lang='lat' dir='ltr'><strong>sce·</strong></span> 
     </span>
     <span class='ocr_line' id='line_1_73' title="bbox 1196 2905 2181 2974; baseline 0.002 -3"><span class='ocrx_word' id='word_1_538' title='bbox 1196 2905 1304 2972; x_wconf 88' lang='lat' dir='ltr'><strong>lerum</strong></span> <span class='ocrx_word' id='word_1_539' title='bbox 1328 2908 1481 2972; x_wconf 93' lang='lat' dir='ltr'><strong>omnibus</strong></span> <span class='ocrx_word' id='word_1_540' title='bbox 1503 2907 1671 2974; x_wconf 86' lang='lat' dir='ltr'><strong>aetatibus</strong></span> <span class='ocrx_word' id='word_1_541' title='bbox 1700 2918 1780 2972; x_wconf 90' lang='lat' dir='ltr'><strong>sunt</strong></span> <span class='ocrx_word' id='word_1_542' title='bbox 1802 2908 1991 2972; x_wconf 90' lang='lat' dir='ltr'><strong>testimonia</strong></span> <span class='ocrx_word' id='word_1_543' title='bbox 2012 2905 2112 2973; x_wconf 90' lang='lat' dir='ltr'><strong>huius</strong></span> <span class='ocrx_word' id='word_1_544' title='bbox 2133 2909 2181 2973; x_wconf 91' lang='lat' dir='ltr'><strong>iu·</strong></span> 
     </span>
     <span class='ocr_line' id='line_1_74' title="bbox 1199 2986 2181 3080; baseline 0.002 -23"><span class='ocrx_word' id='word_1_545' title='bbox 1199 2994 1273 3057; x_wconf 91' lang='lat' dir='ltr'><strong>dicii</strong></span> <span class='ocrx_word' id='word_1_546' title='bbox 1301 2994 1411 3059; x_wconf 89' lang='lat' dir='ltr'><strong>divini.</strong></span> <span class='ocrx_word' id='word_1_547' title='bbox 1456 2992 1670 3079; x_wconf 86' lang='lat' dir='ltr'><strong>Regularitcr</strong></span> <span class='ocrx_word' id='word_1_548' title='bbox 1702 2986 1793 3057; x_wconf 84' lang='lat' dir='ltr'><strong>euim¹</strong></span> <span class='ocrx_word' id='word_1_549' title='bbox 1818 2988 1948 3073; x_wconf 79' lang='lat' dir='ltr'><strong>atrocia</strong></span> <span class='ocrx_word' id='word_1_550' title='bbox 1968 2993 2092 3059; x_wconf 90' lang='lat' dir='ltr'><strong>delicta</strong></span> <span class='ocrx_word' id='word_1_551' title='bbox 2108 3012 2181 3080; x_wconf 84' lang='lat' dir='ltr'><strong>pu-</strong></span> 
     </span>
     <span class='ocr_line' id='line_1_75' title="bbox 1197 3076 2181 3164; baseline 0.001 -20"><span class='ocrx_word' id='word_1_552' title='bbox 1197 3080 1332 3144; x_wconf 89' lang='lat' dir='ltr'><strong>niuntur</strong></span> <span class='ocrx_word' id='word_1_553' title='bbox 1354 3080 1524 3144; x_wconf 89' lang='lat' dir='ltr'><strong>atrocibus</strong></span> <span class='ocrx_word' id='word_1_554' title='bbox 1549 3080 1668 3164; x_wconf 91' lang='lat' dir='ltr'><strong>poenis</strong></span> <span class='ocrx_word' id='word_1_555' title='bbox 1695 3081 1730 3144; x_wconf 93' lang='lat' dir='ltr'><strong>in</strong></span> <span class='ocrx_word' id='word_1_556' title='bbox 1758 3076 1823 3145; x_wconf 88' lang='lat' dir='ltr'><strong>hac</strong></span> <span class='ocrx_word' id='word_1_557' title='bbox 1844 3081 1929 3160; x_wconf 87' lang='lat' dir='ltr'><strong>vita,</strong></span> <span class='ocrx_word' id='word_1_558' title='bbox 1961 3091 2000 3146; x_wconf 93' lang='lat' dir='ltr'><strong>ut</strong></span> <span class='ocrx_word' id='word_1_559' title='bbox 2027 3080 2181 3147; x_wconf 91' lang='lat' dir='ltr'><strong>homines</strong></span> 
     </span>
     <span class='ocr_line' id='line_1_76' title="bbox 1199 3164 1755 3254; baseline 0.002 -25"><span class='ocrx_word' id='word_1_560' title='bbox 1199 3164 1455 3254; x_wconf 80' lang='lat' dir='ltr'><strong>commonebant</strong></span> <span class='ocrx_word' id='word_1_561' title='bbox 1475 3166 1660 3249; x_wconf 84' lang='lat' dir='ltr'><strong>deiudicio</strong></span> <span class='ocrx_word' id='word_1_562' title='bbox 1679 3164 1755 3231; x_wconf 88' lang='lat' dir='ltr'><strong>Dei.</strong></span> 
     </span>
    </p>
   </div>
   <div class='ocr_carea' id='block_1_20' title="bbox 1197 3317 2181 3667">
    <p class='ocr_par' dir='ltr' id='par_1_27' title="bbox 1197 3317 2181 3667">
     <span class='ocr_line' id='line_1_77' title="bbox 1283 3317 2181 3470; baseline 0.001 -84"><span class='ocrx_word' id='word_1_563' title='bbox 1283 3317 1472 3406; x_wconf 89' lang='lat' dir='ltr'><strong>Diligenter</strong></span> <span class='ocrx_word' id='word_1_564' title='bbox 1493 3342 1575 3408; x_wconf 90' lang='lat' dir='ltr'><strong>ergo</strong></span> <span class='ocrx_word' id='word_1_565' title='bbox 1597 3321 1631 3386; x_wconf 94' lang='lat' dir='ltr'><strong>in</strong></span> <span class='ocrx_word' id='word_1_566' title='bbox 1654 3320 1845 3399; x_wconf 87' lang='lat' dir='ltr'><strong>delinitione</strong></span> <span class='ocrx_word' id='word_1_567' title='bbox 1867 3321 2072 3470; x_wconf 71' lang='lat' dir='ltr'><strong>aspiciantur</strong></span> <span class='ocrx_word' id='word_1_568' title='bbox 2093 3319 2181 3387; x_wconf 87' lang='lat' dir='ltr'><strong>haec</strong></span> 
     </span>
     <span class='ocr_line' id='line_1_78' title="bbox 1197 3405 2181 3487; baseline -0.001 -15"><span class='ocrx_word' id='word_1_569' title='bbox 1197 3409 1314 3486; x_wconf 87' lang='lat' dir='ltr'><strong>verba,</strong></span> <span class='ocrx_word' id='word_1_570' title='bbox 1336 3408 1456 3472; x_wconf 90' lang='lat' dir='ltr'><strong>tradita</strong></span> <span class='ocrx_word' id='word_1_571' title='bbox 1477 3405 1597 3487; x_wconf 87' lang='lat' dir='ltr'><strong>aDeo,</strong></span> <span class='ocrx_word' id='word_1_572' title='bbox 1620 3420 1654 3472; x_wconf 93' lang='lat' dir='ltr'><strong>et</strong></span> <span class='ocrx_word' id='word_1_573' title='bbox 1675 3409 1845 3473; x_wconf 88' lang='lat' dir='ltr'><strong>discamus</strong></span> <span class='ocrx_word' id='word_1_574' title='bbox 1875 3408 1909 3470; x_wconf 94' lang='lat' dir='ltr'><strong>iu</strong></span> <span class='ocrx_word' id='word_1_575' title='bbox 1935 3409 2038 3472; x_wconf 90' lang='lat' dir='ltr'><strong>nitum</strong></span> <span class='ocrx_word' id='word_1_576' title='bbox 2064 3406 2181 3472; x_wconf 90' lang='lat' dir='ltr'><strong>discri-</strong></span> 
     </span>
     <span class='ocr_line' id='line_1_79' title="bbox 1197 3493 2181 3580; baseline -0.001 -22"><span class='ocrx_word' id='word_1_577' title='bbox 1197 3515 1272 3559; x_wconf 88' lang='lat' dir='ltr'><strong>men</strong></span> <span class='ocrx_word' id='word_1_578' title='bbox 1296 3513 1385 3574; x_wconf 89' lang='lat' dir='ltr'><strong>esse,</strong></span> <span class='ocrx_word' id='word_1_579' title='bbox 1406 3495 1491 3559; x_wconf 88' lang='lat' dir='ltr'><strong>inter</strong></span> <span class='ocrx_word' id='word_1_580' title='bbox 1513 3493 1608 3579; x_wconf 91' lang='lat' dir='ltr'><strong>leges</strong></span> <span class='ocrx_word' id='word_1_581' title='bbox 1629 3495 1793 3560; x_wconf 91' lang='lat' dir='ltr'><strong>humanas</strong></span> <span class='ocrx_word' id='word_1_582' title='bbox 1815 3505 1849 3559; x_wconf 89' lang='lat' dir='ltr'><strong>et</strong></span> <span class='ocrx_word' id='word_1_583' title='bbox 1871 3493 2027 3575; x_wconf 91' lang='lat' dir='ltr'><strong>divinam,</strong></span> <span class='ocrx_word' id='word_1_584' title='bbox 2049 3493 2091 3559; x_wconf 89' lang='lat' dir='ltr'><strong>de</strong></span> <span class='ocrx_word' id='word_1_585' title='bbox 2114 3513 2181 3580; x_wconf 91' lang='lat' dir='ltr'><strong>qno</strong></span> 
     </span>
     <span class='ocr_line' id='line_1_80' title="bbox 1199 3580 1707 3667; baseline -0.006 -22"><span class='ocrx_word' id='word_1_586' title='bbox 1199 3581 1387 3648; x_wconf 89' lang='lat' dir='ltr'><strong>discrimine</strong></span> <span class='ocrx_word' id='word_1_587' title='bbox 1408 3593 1527 3667; x_wconf 91' lang='lat' dir='ltr'><strong>postea</strong></span> <span class='ocrx_word' id='word_1_588' title='bbox 1549 3580 1707 3645; x_wconf 89' lang='lat' dir='ltr'><strong>dicemus.</strong></span> 
     </span>
    </p>
   </div>
   <div class='ocr_carea' id='block_1_21' title="bbox 1198 3732 2182 4426">
    <p class='ocr_par' dir='ltr' id='par_1_28' title="bbox 1198 3732 2182 4426">
     <span class='ocr_line' id='line_1_81' title="bbox 1284 3732 2181 3821; baseline -0.004 -19"><span class='ocrx_word' id='word_1_589' title='bbox 1284 3737 1383 3802; x_wconf 87' lang='lat' dir='ltr'><strong>Prius</strong></span> <span class='ocrx_word' id='word_1_590' title='bbox 1414 3737 1501 3802; x_wconf 92' lang='lat' dir='ltr'><strong>enim</strong></span> <span class='ocrx_word' id='word_1_591' title='bbox 1529 3736 1726 3813; x_wconf 89' lang='lat' dir='ltr'><strong>ostendam,</strong></span> <span class='ocrx_word' id='word_1_592' title='bbox 1759 3736 1847 3800; x_wconf 92' lang='lat' dir='ltr'><strong>unde</strong></span> <span class='ocrx_word' id='word_1_593' title='bbox 1874 3737 1923 3821; x_wconf 91' lang='lat' dir='ltr'><strong>sit</strong></span> <span class='ocrx_word' id='word_1_594' title='bbox 1947 3745 2057 3800; x_wconf 88' lang='lat' dir='ltr'><strong>sumta</strong></span> <span class='ocrx_word' id='word_1_595' title='bbox 2077 3732 2181 3820; x_wconf 86' lang='lat' dir='ltr'><strong>Legis</strong></span> 
     </span>
     <span class='ocr_line' id='line_1_82' title="bbox 1198 3818 2181 3907; baseline -0.004 -18"><span class='ocrx_word' id='word_1_596' title='bbox 1198 3823 1356 3901; x_wconf 87' lang='lat' dir='ltr'><strong>definitio,</strong></span> <span class='ocrx_word' id='word_1_597' title='bbox 1379 3819 1534 3889; x_wconf 87' lang='lat' dir='ltr'><strong>videlicet</strong></span> <span class='ocrx_word' id='word_1_598' title='bbox 1556 3841 1597 3886; x_wconf 88' lang='lat' dir='ltr'><strong>ex</strong></span> <span class='ocrx_word' id='word_1_599' title='bbox 1614 3823 1689 3906; x_wconf 91' lang='lat' dir='ltr'><strong>ipsa</strong></span> <span class='ocrx_word' id='word_1_600' title='bbox 1711 3818 1799 3906; x_wconf 85' lang='lat' dir='ltr'><strong>lege,</strong></span> <span class='ocrx_word' id='word_1_601' title='bbox 1822 3843 1907 3907; x_wconf 89' lang='lat' dir='ltr'><strong>quae</strong></span> <span class='ocrx_word' id='word_1_602' title='bbox 1916 3820 2068 3886; x_wconf 86' lang='lat' dir='ltr'><strong>adfirmat</strong></span> <span class='ocrx_word' id='word_1_603' title='bbox 2084 3839 2181 3906; x_wconf 89' lang='lat' dir='ltr'><strong>prae-</strong></span> 
     </span>
     <span class='ocr_line' id='line_1_83' title="bbox 1199 3906 2182 3996; baseline -0.005 -21"><span class='ocrx_word' id='word_1_604' title='bbox 1199 3910 1263 3994; x_wconf 93' lang='lat' dir='ltr'><strong>cipi</strong></span> <span class='ocrx_word' id='word_1_605' title='bbox 1286 3920 1319 3972; x_wconf 91' lang='lat' dir='ltr'><strong>et</strong></span> <span class='ocrx_word' id='word_1_606' title='bbox 1339 3907 1501 3992; x_wconf 91' lang='lat' dir='ltr'><strong>postulari</strong></span> <span class='ocrx_word' id='word_1_607' title='bbox 1518 3909 1681 3996; x_wconf 89' lang='lat' dir='ltr'><strong>integram</strong></span> <span class='ocrx_word' id='word_1_608' title='bbox 1699 3921 1733 3973; x_wconf 91' lang='lat' dir='ltr'><strong>et</strong></span> <span class='ocrx_word' id='word_1_609' title='bbox 1751 3907 1934 3993; x_wconf 86' lang='lat' dir='ltr'><strong>perlectam</strong></span> <span class='ocrx_word' id='word_1_610' title='bbox 1951 3906 2182 3986; x_wconf 87' lang='lat' dir='ltr'><strong>obedientiam,</strong></span> 
     </span>
     <span class='ocr_line' id='line_1_84' title="bbox 1198 3989 2182 4081; baseline -0.003 -20"><span class='ocrx_word' id='word_1_611' title='bbox 1198 4007 1232 4061; x_wconf 90' lang='lat' dir='ltr'><strong>et</strong></span> <span class='ocrx_word' id='word_1_612' title='bbox 1264 3995 1374 4080; x_wconf 91' lang='lat' dir='ltr'><strong>puniri</strong></span> <span class='ocrx_word' id='word_1_613' title='bbox 1405 4014 1473 4060; x_wconf 93' lang='lat' dir='ltr'><strong>non</strong></span> <span class='ocrx_word' id='word_1_614' title='bbox 1505 4006 1715 4079; x_wconf 87' lang='lat' dir='ltr'><strong>praestantes</strong></span> <span class='ocrx_word' id='word_1_615' title='bbox 1744 3997 1907 4081; x_wconf 89' lang='lat' dir='ltr'><strong>integram</strong></span> <span class='ocrx_word' id='word_1_616' title='bbox 1936 4005 1969 4060; x_wconf 91' lang='lat' dir='ltr'><strong>et</strong></span> <span class='ocrx_word' id='word_1_617' title='bbox 1994 3989 2182 4078; x_wconf 81' lang='lat' dir='ltr'><strong>perlectam</strong></span> 
     </span>
     <span class='ocr_line' id='line_1_85' title="bbox 1198 4077 2182 4168; baseline -0.004 -21"><span class='ocrx_word' id='word_1_618' title='bbox 1198 4080 1430 4147; x_wconf 89' lang='lat' dir='ltr'><strong>obedientiam.</strong></span> <span class='ocrx_word' id='word_1_619' title='bbox 1474 4078 1566 4145; x_wconf 86' lang='lat' dir='ltr'><strong>Dicit</strong></span> <span class='ocrx_word' id='word_1_620' title='bbox 1601 4081 1687 4146; x_wconf 92' lang='lat' dir='ltr'><strong>enim</strong></span> <span class='ocrx_word' id='word_1_621' title='bbox 1720 4080 1808 4147; x_wconf 88' lang='lat' dir='ltr'><strong>Lex:</strong></span> <span class='ocrx_word' id='word_1_622' title='bbox 1842 4077 1971 4168; x_wconf 89' lang='lat' dir='ltr'><strong>Diliges</strong></span> <span class='ocrx_word' id='word_1_623' title='bbox 2000 4078 2182 4145; x_wconf 90' lang='lat' dir='ltr'><strong>Dominum</strong></span> 
     </span>
     <span class='ocr_line' id='line_1_86' title="bbox 1198 4164 2181 4246; baseline -0.002 -15"><span class='ocrx_word' id='word_1_624' title='bbox 1198 4167 1307 4232; x_wconf 91' lang='lat' dir='ltr'><strong>Deum</strong></span> <span class='ocrx_word' id='word_1_625' title='bbox 1336 4178 1427 4233; x_wconf 89' lang='lat' dir='ltr'><strong>tuum</strong></span> <span class='ocrx_word' id='word_1_626' title='bbox 1456 4186 1498 4231; x_wconf 83' lang='lat' dir='ltr'><strong>ex</strong></span> <span class='ocrx_word' id='word_1_627' title='bbox 1520 4178 1591 4231; x_wconf 93' lang='lat' dir='ltr'><strong>toto</strong></span> <span class='ocrx_word' id='word_1_628' title='bbox 1613 4168 1733 4246; x_wconf 87' lang='lat' dir='ltr'><strong>corde,</strong></span> <span class='ocrx_word' id='word_1_629' title='bbox 1763 4179 1826 4232; x_wconf 87' lang='lat' dir='ltr'><strong>etc.</strong></span> <span class='ocrx_word' id='word_1_630' title='bbox 1871 4165 1969 4246; x_wconf 88' lang='lat' dir='ltr'><strong>item,</strong></span> <span class='ocrx_word' id='word_1_631' title='bbox 2000 4164 2078 4231; x_wconf 89' lang='lat' dir='ltr'><strong>Non</strong></span> <span class='ocrx_word' id='word_1_632' title='bbox 2100 4184 2181 4230; x_wconf 89' lang='lat' dir='ltr'><strong>cou-</strong></span> 
     </span>
     <span class='ocr_line' id='line_1_87' title="bbox 1199 4250 2182 4340; baseline -0.006 -20"><span class='ocrx_word' id='word_1_633' title='bbox 1199 4255 1365 4340; x_wconf 87' lang='lat' dir='ltr'><strong>cupiscas.</strong></span> <span class='ocrx_word' id='word_1_634' title='bbox 1410 4252 1508 4331; x_wconf 92' lang='lat' dir='ltr'><strong>ltem,</strong></span> <span class='ocrx_word' id='word_1_635' title='bbox 1540 4251 1739 4318; x_wconf 82' lang='lat' dir='ltr'><strong>Maledictus</strong></span> <span class='ocrx_word' id='word_1_636' title='bbox 1768 4255 1825 4340; x_wconf 85' lang='lat' dir='ltr'><strong>qui</strong></span> <span class='ocrx_word' id='word_1_637' title='bbox 1853 4272 1921 4318; x_wconf 92' lang='lat' dir='ltr'><strong>non</strong></span> <span class='ocrx_word' id='word_1_638' title='bbox 1952 4253 2113 4320; x_wconf 83' lang='lat' dir='ltr'><strong>manserit</strong></span> <span class='ocrx_word' id='word_1_639' title='bbox 2144 4250 2182 4315; x_wconf 92' lang='lat' dir='ltr'><strong>in</strong></span> 
     </span>
     <span class='ocr_line' id='line_1_88' title="bbox 1198 4339 1896 4426; baseline -0.004 -20"><span class='ocrx_word' id='word_1_640' title='bbox 1198 4342 1362 4421; x_wconf 90' lang='lat' dir='ltr'><strong>omnibus,</strong></span> <span class='ocrx_word' id='word_1_641' title='bbox 1384 4360 1469 4426; x_wconf 89' lang='lat' dir='ltr'><strong>quae</strong></span> <span class='ocrx_word' id='word_1_642' title='bbox 1490 4341 1616 4425; x_wconf 88' lang='lat' dir='ltr'><strong>scripta</strong></span> <span class='ocrx_word' id='word_1_643' title='bbox 1637 4352 1715 4405; x_wconf 89' lang='lat' dir='ltr'><strong>sunt</strong></span> <span class='ocrx_word' id='word_1_644' title='bbox 1734 4341 1769 4405; x_wconf 92' lang='lat' dir='ltr'><strong>in</strong></span> <span class='ocrx_word' id='word_1_645' title='bbox 1791 4339 1896 4426; x_wconf 88' lang='lat' dir='ltr'><strong>Lege.</strong></span> 
     </span>
    </p>
   </div>
   <div class='ocr_carea' id='block_1_22' title="bbox 1196 4507 2182 5029">
    <p class='ocr_par' dir='ltr' id='par_1_29' title="bbox 1196 4507 2182 5029">
     <span class='ocr_line' id='line_1_89' title="bbox 1283 4507 2182 4597; baseline -0.006 -18"><span class='ocrx_word' id='word_1_646' title='bbox 1283 4514 1336 4579; x_wconf 82' lang='lat' dir='ltr'><strong>Ac</strong></span> <span class='ocrx_word' id='word_1_647' title='bbox 1358 4510 1459 4577; x_wconf 85' lang='lat' dir='ltr'><strong>valde</strong></span> <span class='ocrx_word' id='word_1_648' title='bbox 1481 4530 1623 4577; x_wconf 89' lang='lat' dir='ltr'><strong>necesse</strong></span> <span class='ocrx_word' id='word_1_649' title='bbox 1646 4523 1700 4578; x_wconf 91' lang='lat' dir='ltr'><strong>est</strong></span> <span class='ocrx_word' id='word_1_650' title='bbox 1721 4509 1862 4597; x_wconf 87' lang='lat' dir='ltr'><strong>intelligi</strong></span> <span class='ocrx_word' id='word_1_651' title='bbox 1883 4507 1973 4576; x_wconf 87' lang='lat' dir='ltr'><strong>hanc</strong></span> <span class='ocrx_word' id='word_1_652' title='bbox 1994 4528 2076 4574; x_wconf 84' lang='lat' dir='ltr'><strong>vere</strong></span> <span class='ocrx_word' id='word_1_653' title='bbox 2101 4527 2182 4575; x_wconf 86' lang='lat' dir='ltr'><strong>esse</strong></span> 
     </span>
     <span class='ocr_line' id='line_1_90' title="bbox 1196 4592 2181 4687; baseline -0.005 -21"><span class='ocrx_word' id='word_1_654' title='bbox 1196 4598 1302 4687; x_wconf 88' lang='lat' dir='ltr'><strong>Legis</strong></span> <span class='ocrx_word' id='word_1_655' title='bbox 1323 4596 1548 4676; x_wconf 85' lang='lat' dir='ltr'><strong>voluntatem,</strong></span> <span class='ocrx_word' id='word_1_656' title='bbox 1570 4620 1614 4666; x_wconf 89' lang='lat' dir='ltr'><strong>na</strong></span> <span class='ocrx_word' id='word_1_657' title='bbox 1637 4596 1835 4665; x_wconf 87' lang='lat' dir='ltr'><strong>delabantur</strong></span> <span class='ocrx_word' id='word_1_658' title='bbox 1858 4596 2007 4661; x_wconf 89' lang='lat' dir='ltr'><strong>homines</strong></span> <span class='ocrx_word' id='word_1_659' title='bbox 2041 4595 2074 4660; x_wconf 92' lang='lat' dir='ltr'><strong>in</strong></span> <span class='ocrx_word' id='word_1_660' title='bbox 2096 4592 2181 4661; x_wconf 86' lang='lat' dir='ltr'><strong>stul·</strong></span> 
     </span>
     <span class='ocr_line' id='line_1_91' title="bbox 1197 4681 2182 4772; baseline -0.005 -21"><span class='ocrx_word' id='word_1_661' title='bbox 1197 4698 1250 4751; x_wconf 92' lang='lat' dir='ltr'><strong>tas</strong></span> <span class='ocrx_word' id='word_1_662' title='bbox 1282 4686 1456 4772; x_wconf 84' lang='lat' dir='ltr'><strong>opiniones</strong></span> <span class='ocrx_word' id='word_1_663' title='bbox 1494 4681 1751 4751; x_wconf 83' lang='lat' dir='ltr'><strong>Pharisaeorum</strong></span> <span class='ocrx_word' id='word_1_664' title='bbox 1787 4696 1821 4751; x_wconf 90' lang='lat' dir='ltr'><strong>et</strong></span> <span class='ocrx_word' id='word_1_665' title='bbox 1847 4682 2102 4760; x_wconf 85' lang='lat' dir='ltr'><strong>Monachorum,</strong></span> <span class='ocrx_word' id='word_1_666' title='bbox 2138 4701 2182 4747; x_wconf 89' lang='lat' dir='ltr'><strong>ac</strong></span> 
     </span>
     <span class='ocr_line' id='line_1_92' title="bbox 1197 4765 2182 4857; baseline -0.005 -19"><span class='ocrx_word' id='word_1_667' title='bbox 1197 4775 1382 4851; x_wconf 88' lang='lat' dir='ltr'><strong>somnient,</strong></span> <span class='ocrx_word' id='word_1_668' title='bbox 1402 4772 1555 4837; x_wconf 90' lang='lat' dir='ltr'><strong>homines</strong></span> <span class='ocrx_word' id='word_1_669' title='bbox 1584 4792 1687 4856; x_wconf 89' lang='lat' dir='ltr'><strong>posse</strong></span> <span class='ocrx_word' id='word_1_670' title='bbox 1709 4770 1793 4857; x_wconf 86' lang='lat' dir='ltr'><strong>Legi</strong></span> <span class='ocrx_word' id='word_1_671' title='bbox 1815 4767 1879 4836; x_wconf 90' lang='lat' dir='ltr'><strong>Dei</strong></span> <span class='ocrx_word' id='word_1_672' title='bbox 1901 4765 2114 4847; x_wconf 78' lang='lat' dir='ltr'><strong>satisfacere,</strong></span> <span class='ocrx_word' id='word_1_673' title='bbox 2146 4779 2182 4833; x_wconf 87' lang='lat' dir='ltr'><strong>et</strong></span> 
     </span>
     <span class='ocr_line' id='line_1_93' title="bbox 1196 4851 2180 5005; baseline -0.005 -83"><span class='ocrx_word' id='word_1_674' title='bbox 1196 4856 1284 4925; x_wconf 90' lang='lat' dir='ltr'><strong>hanc</strong></span> <span class='ocrx_word' id='word_1_675' title='bbox 1311 4856 1575 4947; x_wconf 85' lang='lat' dir='ltr'><strong>qualemcunque</strong></span> <span class='ocrx_word' id='word_1_676' title='bbox 1605 4853 1831 4942; x_wconf 91' lang='lat' dir='ltr'><strong>disciplinam,</strong></span> <span class='ocrx_word' id='word_1_677' title='bbox 1864 4875 1950 5005; x_wconf 73' lang='lat' dir='ltr'><strong>(puae</strong></span> <span class='ocrx_word' id='word_1_678' title='bbox 1984 4852 2088 4919; x_wconf 86' lang='lat' dir='ltr'><strong>efficit</strong></span> <span class='ocrx_word' id='word_1_679' title='bbox 2118 4851 2180 4919; x_wconf 90' lang='lat' dir='ltr'><strong>ho-</strong></span> 
     </span>
     <span class='ocr_line' id='line_1_94' title="bbox 1196 4940 2179 5029; baseline -0.004 -20"><span class='ocrx_word' id='word_1_680' title='bbox 1196 4958 1311 5011; x_wconf 86' lang='lat' dir='ltr'><strong>nestas</strong></span> <span class='ocrx_word' id='word_1_681' title='bbox 1334 4947 1486 5012; x_wconf 88' lang='lat' dir='ltr'><strong>actiones</strong></span> <span class='ocrx_word' id='word_1_682' title='bbox 1507 4957 1680 5024; x_wconf 82' lang='lat' dir='ltr'><strong>externas,</strong></span> <span class='ocrx_word' id='word_1_683' title='bbox 1712 4963 1790 5009; x_wconf 91' lang='lat' dir='ltr'><strong>esse</strong></span> <span class='ocrx_word' id='word_1_684' title='bbox 1813 4944 1879 5029; x_wconf 93' lang='lat' dir='ltr'><strong>imp</strong></span> <span class='ocrx_word' id='word_1_685' title='bbox 1893 4941 2036 5007; x_wconf 89' lang='lat' dir='ltr'><strong>ationem</strong></span> <span class='ocrx_word' id='word_1_686' title='bbox 2063 4940 2179 5027; x_wconf 85' lang='lat' dir='ltr'><strong>Legis,</strong></span> 
     </span>
    </p>
   </div>
   <div class='ocr_carea' id='block_1_23' title="bbox 162 5026 2192 5210">
    <p class='ocr_par' dir='ltr' id='par_1_30' title="bbox 162 5026 2192 5210">
     <span class='ocr_line' id='line_1_95' title="bbox 249 5026 2179 5122; baseline -0.002 -26"><span class='ocrx_word' id='word_1_687' title='bbox 249 5031 304 5097; x_wconf 85' lang='lat' dir='ltr'><strong>Ac</strong></span> <span class='ocrx_word' id='word_1_688' title='bbox 325 5031 504 5121; x_wconf 89' lang='lat' dir='ltr'><strong>diligenter</strong></span> <span class='ocrx_word' id='word_1_689' title='bbox 525 5035 790 5103; x_wconf 89' lang='lat' dir='ltr'><strong>considerandae</strong></span> <span class='ocrx_word' id='word_1_690' title='bbox 817 5045 896 5103; x_wconf 88' lang='lat' dir='ltr'><strong>sunt</strong></span> <span class='ocrx_word' id='word_1_691' title='bbox 918 5033 1023 5122; x_wconf 85' lang='lat' dir='ltr'><strong>Legis</strong></span> <span class='ocrx_word' id='word_1_692' title='bbox 1051 5052 1145 5119; x_wconf 87' lang='lat' dir='ltr'><strong>repe·</strong></span> <span class='ocrx_word' id='word_1_693' title='bbox 1196 5043 1230 5096; x_wconf 93' lang='lat' dir='ltr'><strong>et</strong></span> <span class='ocrx_word' id='word_1_694' title='bbox 1249 5030 1417 5098; x_wconf 90' lang='lat' dir='ltr'><strong>hominem</strong></span> <span class='ocrx_word' id='word_1_695' title='bbox 1438 5029 1498 5099; x_wconf 86' lang='lat' dir='ltr'><strong>tali</strong></span> <span class='ocrx_word' id='word_1_696' title='bbox 1519 5028 1696 5119; x_wconf 85' lang='lat' dir='ltr'><strong>disciplina</strong></span> <span class='ocrx_word' id='word_1_697' title='bbox 1715 5029 1839 5096; x_wconf 84' lang='lat' dir='ltr'><strong>iustum</strong></span> <span class='ocrx_word' id='word_1_698' title='bbox 1861 5048 1949 5109; x_wconf 87' lang='lat' dir='ltr'><strong>esse,</strong></span> <span class='ocrx_word' id='word_1_699' title='bbox 1973 5040 2007 5094; x_wconf 91' lang='lat' dir='ltr'><strong>et</strong></span> <span class='ocrx_word' id='word_1_700' title='bbox 2023 5026 2107 5116; x_wconf 83' lang='lat' dir='ltr'><strong>Legi</strong></span> <span class='ocrx_word' id='word_1_701' title='bbox 2123 5046 2179 5092; x_wconf 87' lang='lat' dir='ltr'><strong>sa·</strong></span> 
     </span>
     <span class='ocr_line' id='line_1_96' title="bbox 162 5115 2192 5210; baseline -0.002 -24"><span class='ocrx_word' id='word_1_702' title='bbox 162 5118 299 5186; x_wconf 77' lang='lat' dir='ltr'><strong>ddones</strong></span> <span class='ocrx_word' id='word_1_703' title='bbox 330 5120 409 5187; x_wconf 84' lang='lat' dir='ltr'><strong>lude</strong></span> <span class='ocrx_word' id='word_1_704' title='bbox 428 5140 538 5210; x_wconf 80' lang='lat' dir='ltr'><strong>nsque</strong></span> <span class='ocrx_word' id='word_1_705' title='bbox 562 5144 584 5190; x_wconf 86' lang='lat' dir='ltr'><strong>a</strong></span> <span class='ocrx_word' id='word_1_706' title='bbox 607 5121 693 5191; x_wconf 81' lang='lat' dir='ltr'><strong>Gelu</strong></span> <span class='ocrx_word' id='word_1_707' title='bbox 720 5120 841 5191; x_wconf 76' lang='lat' dir='ltr'><strong>auae</strong></span> <span class='ocrx_word' id='word_1_708' title='bbox 884 5120 929 5189; x_wconf 86' lang='lat' dir='ltr'><strong>Et</strong></span> <span class='ocrx_word' id='word_1_709' title='bbox 954 5120 1145 5189; x_wconf 74' lang='lat' dir='ltr'><strong>tmtimoula</strong></span> <span class='ocrx_word' id='word_1_710' title='bbox 1194 5115 1366 5188; x_wconf 74' lang='lat' dir='ltr'><strong>dsiaaere.</strong></span> <span class='ocrx_word' id='word_1_711' title='bbox 2035 5120 2039 5125; x_wconf 86' lang='lat'>&#39;</span> <span class='ocrx_word' id='word_1_712' title='bbox 2189 5176 2192 5181; x_wconf 90' lang='lat'>.</span> 
     </span>
    </p>
   </div>
   <div class='ocr_carea' id='block_1_24' title="bbox 0 0 2323 5588">
    <p class='ocr_par' dir='ltr' id='par_1_31' title="bbox 0 0 2323 5588">
     <span class='ocr_line' id='line_1_97' title="bbox 0 0 2323 5588; baseline 0 0"><span class='ocrx_word' id='word_1_713' title='bbox 0 0 2323 5588; x_wconf 95' lang='lat' dir='ltr'><strong> </strong></span> 
     </span>
    </p>
   </div>
  </div>
 </body>
</html>
