4628 5588
62 1500 69 1510 ,
160 1460 281 1535 gantur
302 1445 511 1532 providentia
537 1444 665 1521 divina,
694 1464 769 1508 cum
799 1444 871 1527 ipse
899 1444 933 1506 in
962 1461 1067 1506 causa
1093 1462 1142 1504 m·

156 171 221 239 m

156 363 250 428 iuxta
270 357 353 425 illud
374 331 514 423 dictum:
539 373 662 423 seusus
686 355 798 420 carnis
821 355 989 420 inimicitia
1010 364 1064 419 est
1085 352 1142 419 ad·

157 466 279 516 versus
300 446 421 511 Deum.

245 583 442 669 Quanquam
474 582 575 667 igitur
606 577 699 643 multi
737 589 833 644 extra
865 574 1070 656 Ecclesiam,
1110 588 1142 642 et

157 674 351 761 ignorantes
378 667 498 733 Filium
519 667 601 744 Dei,
630 676 664 729 et
691 661 747 729 alii
773 685 842 729 non
869 665 975 730 renati
1001 683 1140 750 magnas

59 822 62 827 ,
108 820 115 831 ,
158 773 191 826 ει
214 754 417 824 excellentes
440 753 579 819 virtutes
602 749 801 830 habuerunt,
824 762 857 815 ει
877 750 1021 816 honesta
1043 751 1142 816 disci·

157 844 248 997 plina
270 862 381 909 mores
404 862 486 906 suos
508 836 692 915 frenarunt,
713 848 751 902 ut
767 838 948 917 Aristidem,
970 836 1141 914 Socrates,

193 927 367 1015 enopbou,
400 927 531 1011 Scipio,
564 921 720 1002 Laelius,
757 922 962 1008 Pomponius
995 921 1140 1000 Atticus,

158 1031 269 1084 tamen
299 1035 365 1080 non
394 1011 529 1078 luerunt
556 1012 634 1076 iusti
665 1032 778 1075 coram
805 1009 899 1089 Deo,
929 1010 992 1075 sed
1021 1029 1142 1074 revera

158 1102 268 1170 adbuc
299 1120 465 1187 personae
500 1095 633 1164 suerunt
669 1097 826 1175 iniustae,
866 1118 941 1163 cum
977 1095 1142 1161 baberent

158 1189 262 1256 multa
288 1207 411 1274 magna
436 1186 593 1250 interiora
621 1184 716 1262 vitia,
745 1183 968 1248 dubitationes
996 1184 1039 1248 de
1064 1181 1140 1246 Deo

158 1289 193 1343 et
211 1272 287 1341 alia.
327 1276 423 1343 Sicut
440 1270 619 1355 Pompeius
643 1290 718 1335 cum
740 1271 773 1334 in
794 1269 877 1356 luga
894 1266 1077 1356 Mitylenen
1098 1268 1142 1331 ad

150 1359 351 1447 .Ci·atippum
374 1359 540 1436 venisset,
567 1357 762 1441 disputavit,
792 1370 902 1422 utrum
931 1356 1067 1440 imperia
1089 1373 1140 1418 re·

158 1538 262 1601 stiore
282 1535 393 1600 victus
416 1540 518 1596 esset.

246 1670 336 1735 idem
358 1680 478 1754 postea
507 1678 541 1732 et
563 1664 646 1731 Cato
676 1666 866 1749 disputarit.
911 1663 1065 1749 Denique
1093 1676 1141 1728 ta-

157 1756 211 1823 les
234 1754 392 1843 querelae
413 1752 564 1831 luerunt,
590 1764 668 1816 sunt
697 1763 729 1817 et
760 1761 855 1816 erunt
883 1747 1142 1815 innumerabiles

159 1847 192 1908 in
213 1843 384 1909 hominum
406 1843 472 1906 vita
494 1839 649 1906 omnibus
672 1839 888 1922 temporibus.
933 1835 975 1901 Et
1001 1837 1058 1900 ubi
1084 1834 1143 1899 illa

54 1922 57 1929 ¹
159 1932 277 1996 mentis
301 1926 411 2014 caligo
433 1939 486 1993 est
508 1926 550 1990 de
571 1925 664 2003 Deo,
686 1921 741 1988 alii
763 1922 856 1989 multi
878 1925 997 2001 morbi,
1018 1920 1142 1986 multae

159 2015 313 2082 dammae
336 2025 414 2080 sunt
435 2014 628 2079 vitiosarum
650 2012 874 2095 cupiditatum.

245 2152 360 2227 Quare
392 2149 440 2216 illi
476 2151 533 2237 qui
566 2149 694 2233 lingunt
725 2147 905 2212 Aristidem
947 2158 979 2211 et
1017 2143 1142 2209 similes

159 2253 297 2326 propter
319 2236 528 2321 disciplinam
550 2237 657 2300 iustos
685 2231 791 2300 luisse
819 2246 853 2298 et
880 2230 1043 2297 haeredes
1065 2231 1141 2310 Dei,

159 2338 194 2392 et
226 2321 419 2402 Ecclesiae,
459 2324 643 2408 adiungunt
678 2318 917 2385 multitudinem
951 2319 1023 2383 sine
1055 2337 1142 2383 voce

788 165 903 232 earn.
925 165 1030 232 aar.
1052 163 1242 232 sontem
1264 162 1546 230 nonnanes.
1575 117 1583 123 ’

2111 168 2177 233 m
2250 139 2254 145 ,

1193 354 1322 432 missis,
1344 351 1461 439 bomo,
1484 355 1539 440 qui
1561 354 1653 437 prius
1675 349 1786 419 fuerat
1805 354 1932 434 iustus,
1953 365 2074 440 postea
2096 378 2175 423 con·

1193 441 1371 505 taminatus
1392 440 1459 507 boc
1480 439 1591 525 lapsu,
1614 440 1652 504 fit
1673 458 1752 505 reus
1773 441 1844 505 irae
1865 440 1942 521 Dei,
1963 453 1997 506 et
2019 453 2177 511 aeternae

1193 527 1322 606 monis,
1344 526 1410 591 nisi
1432 529 1549 593 iterum
1572 527 1614 591 ad
1637 524 1747 591 Deum
1768 536 1996 606 eonvertatur,
2017 540 2054 594 ut
2074 529 2184 595 mani·

1192 608 1315 678 sestam
1339 624 1392 678 est
1413 613 1521 677 Adam
1547 624 1582 679 et
1604 610 1731 678 [levam
1757 613 1791 678 in
1819 611 1918 699 lapsu
1945 614 2098 681 amisisse
2127 617 2175 682 iu·

1193 700 1314 764 stitiam
1336 710 1371 763 et
1393 697 1550 786 Spiritum
1572 712 1735 764 sanctum.

1278 833 1490 903 Manifestum
1518 849 1571 902 est
1597 837 1723 902 Aaroni
1744 830 1863 902 Deum
1882 834 2083 904 horribiliter
2112 840 2177 905 ira·

1193 935 1262 988 tum
1289 920 1411 1002 fuisse,
1441 944 1516 988 cum
1541 925 1688 989 assensit
1709 920 1849 989 vitulum
1878 925 2113 1004 adorantibus,
2141 936 2179 992 ut
2235 920 2237 924 ’

1192 1008 1329 1075 Denter.
1348 1028 1507 1094 expresse
1522 1010 1652 1075 dicitur.
1693 1009 1772 1075 ldeo
1792 1011 1938 1075 discerni
1955 1011 2080 1096 gradus
2098 1031 2177 1096 peo-

1194 1109 1345 1246 3P⁰f¹¹¹l¹
1378 1115 1521 1161 necesse
1554 1108 1622 1175 est,
1654 1098 1742 1163 sieut
1776 1107 1810 1162 et
1842 1092 1967 1162 Paulus
1999 1099 2176 1182 perspicue

1216 1193 1361 1247 lscemtt.

1279 1317 1382 1384 Aliud
1398 1330 1499 1385 vocat
1517 1332 1693 1404 peccatum
1709 1339 1868 1407 regnans,
1891 1316 1981 1385 aliud
2002 1330 2177 1406 peccatum

1192 1425 1262 1470 non
1288 1425 1446 1490 regnans.
1490 1405 1558 1471 Sed
1587 1426 1649 1490 pro
1677 1406 1731 1470 his
1762 1407 1934 1471 concinnis
1964 1419 1998 1472 et
2024 1404 2177 1473 dilucidis

1192 1489 1472 1576 appellationibus
1494 1511 1584 1556 nunc
1605 1492 1762 1557 usitatum
1780 1503 1843 1571 est,
1866 1490 1932 1557 alia
1949 1512 2072 1559 vocare
2086 1493 2177 1559 Mor·

1192 1577 1284 1656 talia,
1304 1574 1370 1643 aba
1390 1576 1553 1645 Venialia.
1597 1578 1818 1644 Definitiones
1840 1580 1939 1664 igitur
1962 1580 2100 1645 tradam.

1280 1713 1462 1780 Peccatum
1480 1713 1623 1794 veniale,
1646 1737 1707 1781 seu
1728 1736 1796 1781 non
1817 1736 1855 1781 re
1881 1737 1965 1781 nans
1989 1727 2042 1782 est
2055 1715 2178 1783 malum

1194 1802 1343 1888 originiS,
1366 1813 1400 1866 et
1421 1799 1562 1867 affectus
1584 1821 1739 1889 pugnans
1762 1823 1836 1867 curn
1857 1737 1933 1888 lege
1955 1802 2030 1883 Dei,
2053 1805 2107 1870 cui
2128 1815 2177 1870 ta·

1193 1908 1270 1953 men
1292 1901 1457 1974 repugnat
1478 1889 1634 1954 voluntas
1656 1889 1769 1953 adiuta
1792 1909 1813 1952 a
1832 1888 1957 1974 Spiritu
1980 1902 2110 1970 sancto,
2133 1911 2177 1957 ne
2281 1934 2287 1943 -

1194 1988 1313 2039 contra
1346 1977 1584 2040 conscientiam
1617 1972 1664 2039 illi
1694 1995 1799 2058 pravo
1832 1977 1934 2040 motui
1969 1978 2177 2062 obtempere-

1193 2080 1286 2139 mus,
1317 2073 1352 2126 et
1380 2059 1445 2124 fide
1467 2063 1546 2144 petit
1573 2072 1607 2126 et
1627 2063 1735 2127 eredit
1757 2063 1876 2126 remitti
1898 2062 1986 2127 banc
2008 2061 2177 2129 infirmita·

1193 2159 1259 2211 tem
1280 2157 1418 2232 propter
1439 2146 1556 2251 Filium
1578 2147 1642 2213 Dei
1664 2168 1724 2231 pro
1747 2148 1845 2213 uobis
1866 2145 2143 2235 interpellantem.

1279 2314 1458 2383 Peccatum
1480 2316 1640 2398 mortale,
1669 2338 1729 2383 seu
1751 2339 1899 2405 regnans
1922 2321 1956 2384 in
1976 2319 2074 2406 lapso
2096 2332 2177 2408 post

158 2408 348 2499 Evangelii,
370 2422 404 2475 et
425 2411 498 2475 sine
519 2411 706 2487 vocatione,
728 2425 796 2471 non
817 2417 909 2471 recte
930 2404 1087 2470 iudicant.
1196 2405 1469 2486 conversionem,
1498 2417 1551 2471 est
1579 2403 1715 2471 violatio
1742 2404 1831 2492 legis
1858 2404 1923 2470 Dei
1950 2421 2067 2472 contra
2096 2428 2176 2474 con·

246 2566 318 2631 Etsi
346 2567 432 2630 enim
460 2564 631 2630 nescimus
638 2608 649 2642 ,
683 2563 738 2647 qui
771 2563 838 2626 sint
871 2562 995 2646 gradus
1028 2470 1171 2641 taliuml

41 2650 45 2656 ’
159 2664 413 2738 postmortem,
442 2664 476 2716 et
497 2647 596 2715 valde
617 2650 734 2714 mirum
756 2647 887 2713 videtur
914 2645 1067 2712 humanis
1094 2647 1142 2711 iu-

159 2740 254 2805 diciis
276 2750 401 2804 tantam
422 2736 592 2802 bominum
613 2732 853 2802 multitudinem
880 2735 1037 2799 reiectam
1064 2752 1143 2837 esse

62 2832 68 2837 '
160 2848 182 2891 a
203 2823 297 2905 Deo,
313 2837 436 2890 tamen
465 2843 528 2889 nos
555 2842 699 2888 necesse
720 2832 774 2886 est
796 2842 838 2886 ex
860 2841 946 2887 voce
966 2816 1142 2906 Evangehr

157 2913 321 2978 iudicare:
358 2911 423 2984 Qui
446 2911 552 2976 credit
573 2911 606 2974 in
628 2907 762 2989 Filium,
790 2904 891 2973 habet
913 2909 1014 2972 vitam
1034 2919 1142 2972 aeter-

157 3020 251 3076 nam,
273 2998 338 3071 Qui
360 3019 428 3062 non
452 2997 557 3061 credit
579 2993 681 3075 Filio,
704 3015 772 3058 non
796 2994 919 3058 videbit
940 2995 1058 3073 vitam,
1079 2993 1141 3057 scd

156 3086 208 3150 ira
224 3084 291 3150 Dei
311 3083 456 3148 manebit
477 3103 578 3168 super
601 3103 685 3147 eum.
718 3080 762 3145 Et
779 3079 873 3144 Rom.
891 3080 923 3145 8.
957 3078 1053 3158 Quos
1075 3076 1141 3143 ele-

159 3172 223 3258 git,
257 3170 322 3235 bos
352 3169 495 3252 vocavit.
546 3168 640 3241 Quae
674 3169 837 3232 sententia
870 3163 968 3251 plane
998 3163 1142 3230 affirmat

157 3269 351 3341 utrumque,
374 3267 408 3320 et
430 3274 560 3340 semper
582 3252 714 3340 aliquos
737 3249 865 3319 electos
889 3272 966 3319 esse
987 3253 1020 3316 in
1043 3264 1142 3317 coetu

157 3354 370 3428 vocatorum,
400 3354 433 3407 et
461 3353 557 3406 extra
584 3355 715 3407 coetum
742 3352 938 3407 vocatorum
967 3357 1034 3403 non
1063 3357 1142 3403 esse

158 3427 298 3496 electos.

242 3566 318 3632 Non
337 3577 588 3632 contemnamus
606 3562 725 3630 Filium
742 3562 818 3642 Dei,
842 3575 875 3628 et
897 3582 1015 3630 vocem
1032 3562 1142 3628 Evan-

181 3650 253 3732 elii,
291 3653 353 3717 sed
390 3671 617 3740 agnoscamus
655 3653 849 3717 immensam
880 3650 1140 3716 misericordiam

156 3673 240 3816 lter,
274 3741 330 3824 qui
358 3737 432 3804 vult
464 3741 529 3803 sibi
562 3750 731 3804 aeternam
760 3735 948 3802 Ecclesiam
981 3734 1140 3823 colligere

157 3826 327 3912 agnitione
352 3822 441 3905 Filii,
471 3836 503 3890 et
529 3846 597 3890 nou
626 3821 739 3904 aliter,
772 3837 806 3891 et
833 3843 896 3909 pro
923 3825 990 3891 hoc
1016 3825 1140 3910 ingenti

157 3908 323 3978 beneficio
346 3912 470 3995 gratias
493 3930 646 3996 agamus,
667 3931 731 3976 nec
753 3912 800 3976 ita
821 3908 897 3977 leve
911 3912 1084 3991 ducamus,
1105 3922 1141 3976 ut

157 4019 177 4063 a
224 3993 398 4062 laudamus
421 3997 717 4063 architectantibus
738 3994 837 4062 aliam
858 3993 1045 4063 Ecclesiam
1068 3999 1141 4062 sine

156 4019 242 4150 illio
264 4083 340 4162 Dei,
364 4083 436 4147 sine
457 4079 656 4169 Evangelio,
681 4093 713 4148 ει
735 4085 807 4149 sine
829 4085 1015 4150 vocatione.

244 4221 322 4287 Non
344 4221 444 4308 igitur
466 4241 551 4306 opus
575 4232 627 4284 est
648 4221 841 4287 discernere
869 4223 902 4287 in
925 4243 994 4287 non
1016 4221 1141 4288 renatis

157 4318 298 4393 peccata
318 4306 474 4373 mortalia
501 4318 535 4374 et
557 4305 719 4386 venialia,
749 4327 823 4373 cum
852 4328 1017 4393 personae
1045 4309 1142 4374 tanti·

124 4454 130 4459 .
156 4413 237 4544 pper
259 4395 434 4462 damrratm
456 4395 540 4474 sint,
570 4395 680 4460 donec
699 4414 768 4460 non
791 4414 977 4460 conversae
999 4395 1142 4461 suntad

192 4501 277 4548 eum.

244 4616 314 4684 Sed
335 4630 454 4703 postea
478 4621 513 4685 in
539 4620 667 4686 renatis
695 4640 756 4686 seu
783 4619 974 4698 conversis,
1000 4639 1142 4686 necesse

159 4715 212 4771 est
237 4704 383 4769 discerni
409 4716 565 4790 peecata,
592 4707 670 4794 quia
697 4702 1002 4775 manifestissimum
1029 4707 1142 4773 estin

121 4841 125 4849 .
158 4791 282 4856 renatis
311 4791 345 4856 ln
373 4789 438 4857 hac
465 4804 536 4859 tota
567 4790 699 4861 mortali
733 4794 800 4859 vita
832 4812 968 4859 manere
999 4813 1141 4880 magnos

157 4877 310 4950 morbos,
322 4887 356 4942 et
382 4875 487 4945 mrdta
507 4893 648 4965 peccata
655 4927 666 4961 ,
695 4900 783 4967 quae
808 4889 918 4945 tamen
945 4898 1014 4944 nou
1041 4900 1153 4946 arcu.

157 4964 240 5031 tiam
261 4963 420 5050 Spiritum
441 4978 604 5032 sanctum.

245 5100 375 5173 Rursus
397 5122 481 5170 vcro
508 5122 588 5171 essa
613 5102 748 5193 diduco
773 5101 1056 5191 lapsabunda
1082 5103 1140 5170 ad·

1193 2492 1383 2570 scientiam,
1413 2513 1479 2578 qua
1505 2494 1667 2571 admissa,
1696 2512 1841 2577 persona
1869 2492 1906 2557 lit
1933 2514 1992 2559 rea
2019 2506 2177 2561 aeternae
2269 2513 2278 2522 ·

1217 2598 1340 2658 cenae,
1371 2580 1436 2643 nisi
1466 2598 1584 2644 rursus
1612 2581 1645 2643 in
1674 2581 1897 2645 conversione
1926 2578 1985 2645 liat
2010 2581 2176 2647 remissio.

1192 2599 1237 2728 lt
1259 2661 1316 2728 tali
1339 2663 1519 2729 violatione
1543 2685 1687 2731 excusso
1702 2665 1827 2751 Spiritu
1849 2677 1982 2746 saneto,
2003 2687 2122 2733 mustis
2143 2678 2177 2734 et

1193 2772 1298 2834 prava
1321 2753 1589 2836 concupiscentia
1611 2763 1663 2817 est
1685 2764 1861 2836 peccatum
1883 2773 2041 2840 regnans.

1279 2923 1352 2989 Nec
1373 2924 1508 2990 dubium
1530 2936 1600 3001 est,
1629 2925 1681 2990 sic
1702 2944 1805 3009 posse
1827 2923 1896 2989 labi
1924 2936 1958 2989 et
1982 2944 2085 3009 saepe
2106 2922 2176 2991 labi

1192 3022 1348 3088 renatos,
1377 3031 1518 3096 quorum
1545 3008 1600 3074 alii
1629 3030 1747 3075 rursus
1773 3011 1817 3075 ad
1837 3009 1947 3075 Deum
1974 3023 2176 3077 convertun-

1193 3107 1259 3172 tur,
1281 3107 1318 3160 ut
1338 3094 1459 3175 Adam,
1481 3095 1588 3176 Heva,
1609 3094 1737 3178 Aaron,
1758 3095 1882 3178 David,
1903 3096 2074 3163 Marassa.

1279 3230 1347 3298 Alii
1368 3253 1435 3299 non
1459 3245 1699 3299 convertuntur
1719 3255 1854 3315 rursus,
1883 3247 1919 3301 ut
1941 3233 2041 3317 Saul,
2062 3235 2175 3315 ludas,

1193 3330 1227 3387 ει
1248 3321 1367 3406 ingens
1389 3318 1583 3400 multitudo,
1605 3332 1643 3386 ut
1663 3321 1825 3404 parabola
1847 3320 1965 3388 Matth.
1988 3323 2039 3388 12.
2063 3334 2177 3388 osteu-
2276 3396 2287 3407 ,

1193 3408 1257 3485 dit,
1279 3408 1314 3472 in
1359 3428 1403 3472 ua
1424 3408 1544 3472 dicitur
1565 3408 1675 3471 redire
1698 3406 1866 3475 diabolum
1889 3410 1922 3473 iu
1944 3410 2077 3475 domum
2099 3430 2177 3494 pur·

1193 3505 1315 3580 getam.
1381 3505 1394 3558 t
1416 3492 1532 3559 Matth.
1559 3491 1609 3557 13.
1644 3493 1745 3558 Venit
1766 3492 1875 3559 malus
1897 3497 1931 3561 et
1953 3497 2039 3581 rapit
2061 3517 2177 3561 semen

1193 3599 1235 3644 ex
1258 3581 1361 3646 eorde
1383 3583 1464 3646 eius.
1499 3580 1543 3645 Et
1564 3580 1598 3644 iu
1621 3581 1770 3646 secunda
1784 3577 1936 3665 Epistola
1946 3580 2038 3647 Petri
2055 3603 2130 3668 cap.
2142 3583 2175 3648 2.

1193 3665 1230 3732 Si
1252 3688 1328 3733 cum
1351 3666 1526 3753 effugerint
1548 3666 1844 3732 contaminationes
1860 3670 1985 3746 mundi,
2006 3689 2067 3755 per
2082 3670 2176 3757 agni,-

1192 3754 1315 3819 tionem
1337 3752 1482 3834 Domini,
1505 3765 1539 3818 et
1560 3755 1744 3818 servatoris
1765 3753 1841 3820 lesu
1864 3752 2007 3835 Christi,
2029 3754 2082 3820 his
2104 3776 2176 3824 rur·

1192 3860 1253 3906 sus
1272 3838 1498 3927 implicantur,
1521 3838 1605 3907 liunt
1626 3840 1676 3905 eis
1698 3840 1880 3907 novissima
1902 3843 2068 3909 deteriora
2087 3843 2176 3929 prlo-

1191 3929 1296 3993 ritus.
1774 3952 1779 3960 ‘

1278 4064 1431 4130 Necesse
1458 4076 1511 4129 est
1539 4063 1641 4152 igitur
1667 4062 1765 4131 fateri
1794 4077 1930 4132 renatos
1959 4086 2062 4153 posse
2093 4063 2176 4147 labi,

1192 4163 1226 4217 et
1247 4152 1399 4216 amittere
1421 4150 1578 4237 Spiritum
1599 4161 1761 4219 sanctum.

1278 4321 1351 4388 Etsi
1384 4334 1494 4389 autem
1527 4320 1665 4390 difficile
1699 4337 1751 4390 εει
1785 4325 1926 4412 gradum
1958 4325 2175 4406 constituere,

1193 4424 1304 4477 tamen
1330 4408 1387 4477 hic
1416 4411 1542 4497 gradus
1571 4431 1651 4481 vere
1680 4413 1910 4490 constituitur,
1939 4408 2114 4492 videlicet,
2146 4413 2178 4478 si

1192 4498 1295 4564 bomo
1322 4508 1438 4562 contra
1467 4497 1703 4562 conscientiam
1725 4495 1827 4564 violet
1855 4495 1965 4562 leem
1986 4497 2071 4578 Dei,
2098 4500 2179 4585 qut·

1192 4581 1404 4650 manifestum
1426 4594 1491 4662 est,
1512 4584 1546 4648 in
1567 4585 1693 4649 renatis
1716 4597 1872 4671 oportere
1939 4604 1979 4650 ec
2001 4585 2067 4650 duo
2085 4605 2179 4666 esse,

1192 4670 1292 4737 fidem
1319 4671 1501 4738 athenam
1528 4671 1782 4749 conscientiam,
1809 4674 1897 4737 sicut
1926 4681 2068 4737 testatur
2089 4672 2178 4738 Pau·

1192 4755 1246 4823 lus
1272 4758 1301 4822 l.
1340 4756 1424 4823 Tim.
1449 4756 1478 4822 l.
1519 4755 1656 4823 Summa
1676 4759 1823 4823 mandati
1846 4757 1932 4822 baec
1953 4769 2017 4837 est,
2039 4755 2177 4826 dilectio

1193 4864 1235 4909 ex
1265 4845 1366 4908 corda
1393 4863 1496 4929 puro,
1525 4855 1559 4908 et
1587 4843 1792 4909 conscientia
1815 4846 1922 4924 bona,
1950 4855 1983 4910 et
2011 4842 2078 4912 fide
2107 4865 2178 4913 non

1192 4928 1281 4995 licta.
1326 4928 1425 5007 Item,
1459 4927 1565 4996 Milite
1587 4933 1708 4996 bonam
1729 4927 1895 5008 militiam,
1923 4927 2054 4996 habens
2076 4928 2177 4999 fldem

1192 5027 1226 5081 ει
1242 5017 1364 5082 bonam
1381 5019 1628 5086 conscientiam.
1661 5015 1744 5082 item
1763 5017 1792 5082 1.
1837 5015 1907 5083 Pet.
1925 5015 1958 5082 3.
1992 5015 2177 5087 (icuscisn⁸
2281 5060 2285 5066 ·

1191 5102 1272 5171 tlam
1291 5102 1455 5173 babentes
1475 5104 1610 5171 bonam.
