4628 5588
147 161 214 250 ω
298 122 301 127 “
369 215 372 218 ,
702 153 789 222 vm.
803 153 1034 241 ‘aaransro
1052 152 1255 243 contusa
1276 93 1595 223 sacunooron.
2100 159 2170 245 spo

148 361 233 428 rent,
254 347 453 439 nnumin&
470 342 575 423 ,aulici
594 344 759 425 docerent
778 363 914 423 proras.
960 341 1127 425 Quorsum
1178 342 1300 431 catior,
1334 362 1433 447 puero
1464 341 1560 421 Deus
1586 342 1734 431 flagitet,
1767 356 1804 417 ut
1831 345 1932 451 digne
1960 345 2164 419 sacrificent·

149 448 201 505 ωε
216 455 305 521 opus
325 432 554 518 ,disputatione
573 431 618 501 de
641 427 822 519 religione,
856 430 897 495 dc
918 426 1063 511 iustitia,
1097 428 1128 499 si
1178 427 1231 492 Ac
1262 424 1462 503 sacraficium
1494 425 1593 507 illud,
1626 450 1690 496 seu
1721 429 1900 518 applicatio
1931 430 2077 512 Missae,
2110 446 2165 507 est

147 523 227 603 boe,
242 522 339 608 ,puori
358 520 393 597 ln
414 516 602 605 Tragoedia
623 528 688 597 est,
709 516 807 607 sequi
821 513 962 605 proluat:
1094 592 1099 601 .
1178 514 1306 589 abusus
1323 510 1551 587 idololatricae
1574 527 1607 581 et
1629 516 1763 589 omnino
1785 517 2015 606 fugienduset
2027 515 2165 589 abolen-

1180 600 1254 673 dus.
1298 597 1411 685 Quare
1443 612 1557 669 votum
1579 603 1707 668 irritum
1728 615 1793 685 est,
1816 605 1906 691 quod
1929 604 2046 693 lingit,
2066 604 2167 685 coeli

508 687 691 769 floccatae,
712 687 832 773 pians,
878 762 882 767 ¹
914 734 946 767 „
1180 688 1292 752 batum
1315 705 1393 751 esse
1416 683 1542 771 cultum
1564 684 1779 839 singularem,
1802 702 1838 757 ut
1860 690 1942 770 disi,
1967 703 2000 757 et
2019 689 2059 765 fit
2086 713 2166 778 pro·

174 784 194 824 -’
228 779 379 859 Praete
400 777 484 855 boatu
504 783 591 859 arat,
613 795 677 862 prta
697 775 800 857 impl,
949 781 1035 843 eant.
1180 784 1254 857 pter
1275 768 1486 841 idololatriae
1519 775 1609 847 sacri
1634 775 1694 841 cia.
1739 774 1833 841 Haec
1862 789 1914 842 est
1941 776 2036 843 firma
2063 779 2163 858 rabo,

322 912 323 915 ,
356 894 361 901 -
752 876 755 883 ·
1203 878 1265 945 nae
1287 858 1450 940 ostendit,
1485 860 1557 925 sine
1579 856 1646 927 ulla
1666 861 1874 941 ,dubitatione
1894 861 1962 929 hoc
1984 878 2098 931 votum
2120 863 2164 929 ir·

128 947 161 998 I
235 952 309 1017 Nos
331 970 400 1014 non
422 948 465 1013 de
486 944 605 1017 aulicis
627 943 824 1012 utilitatibus
844 945 1130 1030 hicdisputamus,
1180 956 1276 1009 ntum
1298 965 1387 1011 esse.
1431 944 1550 1032 Fugite
1570 942 1806 1028 idololatriam,
1828 950 1859 1013 in
1886 950 1933 1015 uit
1953 947 2092 1033 Paulus.
2125 948 2165 1029 ld

135 1040 211 1109 ,sed
235 1038 277 1102 de
299 1033 474 1102 voluntate
496 1032 573 1111 Dei,
595 1034 638 1097 de
660 1032 874 1097 emendandis
896 1032 1044 1097 moribus
1068 1029 1131 1095 Ec·
1180 1051 1303 1116 praece
1339 1053 1394 1097 um
1416 1033 1558 1101 omnium
1580 1052 1744 1109 summum
1765 1046 1832 1100 est:
1854 970 1969 1119 (luere
1990 1054 2054 1101 nec
2072 1049 2164 1117 vota,

150 1123 290 1206 clasiae,
314 1124 356 1187 de
378 1121 537 1185 sanandis
559 1121 688 1269 piorum
709 1118 944 1195 conscientiis,
964 1128 1001 1183 ut
1022 1114 1130 1182 Deum
1180 1136 1244 1181 nec
1264 1114 1333 1181 ula
1361 1115 1493 1183 vincula
1514 1115 1645 1196 valent,
1677 1131 1714 1184 nt
1747 1132 1863 1186 corttra
1884 1122 1918 1186 id
1946 1120 2163 1207 praeceptum
2248 1116 2254 1123 ’

149 1211 309 1277 invocare
338 1219 370 1272 et
398 1218 489 1271 recte
519 1226 559 1271 co
573 1227 631 1271 ere
658 1207 800 1289 possint.
844 1204 929 1269 Nam
950 1224 1044 1268 mens
1067 1203 1130 1266 sibi
1182 1199 1356 1282 faciamus.
1379 1202 1538 1269 Iurabant
1561 1216 1593 1268 et
1610 1202 1789 1271 Eleusiniis
1812 1207 1940 1286 initiati,
1963 1227 2162 1273 seceremo·

148 1295 238 1362 male
271 1296 422 1373 conscia,
462 1311 549 1379 quae
580 1290 682 1357 habet
713 1289 937 1377 propositum
959 1289 1133 1374 peccandi,
1180 1290 1255 1353 nias
1277 1291 1348 1354 eius
1371 1285 1517 1355 foederis
1540 1303 1736 1356 servaturos
1760 1312 1851 1357 esse:
1897 1293 1960 1359 Sed
1994 1295 2029 1359 id
2060 1294 2162 1358 iusiu-

153 1380 264 1470 qualis
286 1400 365 1446 esse
386 1377 474 1444 solet
495 1381 529 1443 in
553 1379 794 1444 scortatoribus
817 1386 850 1441 et
871 1373 1043 1455 adulteris,
1064 1394 1130 1439 non
1180 1376 1319 1440 randum
1342 1396 1418 1439 cnm
1439 1378 1623 1441 contineret
1643 1374 1885 1458 idololatriam,
1907 1377 2012 1443 fuisse
2035 1381 2163 1444 irritum

177 1478 267 1535 otest
287 1469 446 1532 invocare
468 1462 596 1544 Deum,
623 1475 681 1529 aut
702 1472 923 1546 expectares
944 1461 1019 1549 Deo
1041 1459 1132 1526 auxi·
1181 1459 1282 1525 lacile
1303 1459 1442 1550 intelligi
1464 1473 1588 1546 potest.
1632 1460 1788 1528 Similiter
1811 1464 1853 1530 de
1874 1463 2024 1531 horribili
2035 1464 2162 1530 Missae

152 1490 251 1631 llum,
278 1563 315 1617 ut
337 1552 442 1637 inquit
464 1551 620 1616 ioannes:
654 1550 688 1616 Si
710 1569 770 1615 cor
791 1560 1032 1613 nostrumnon
1054 1565 1132 1610 con·
1182 1549 1291 1613 abusu
1313 1558 1347 1612 et
1368 1549 1528 1612 connexis
1541 1551 1737 1615 ceremoniis
1760 1550 2053 1617 iudicandumest:
2076 1550 2163 1615 Nam

154 1642 289 1705 damnat
311 1658 386 1717 noS,
408 1636 563 1702 fiduciam
585 1634 747 1701 habemus
771 1654 854 1717 erga
877 1633 995 1699 Deum.
1040 1631 1133 1710 ltem,
1182 1631 1360 1717 adplicatio
1371 1632 1509 1712 Missae,
1531 1653 1599 1698 non
1621 1648 1674 1700 est
1696 1637 1748 1701 exi
1797 1649 1896 1702 aaut
1917 1635 2002 1702 levia
2019 1636 2165 1721 propha-

153 1725 355 1791 Peccatores
384 1722 478 1788 Deus
511 1743 579 1788 non
612 1721 755 1787 exaudit.
810 1719 943 1786 Debent
975 1719 1075 1804 igitur
1101 1729 1134 1782 et
1181 1721 1273 1784 natio
1297 1739 1424 1784 coenae
1443 1717 1591 1798 Domini,
1612 1733 1648 1786 ut
1670 1741 1732 1786 suo
1769 1723 2003 1791 oeodieetur.
2029 1724 2087 1788 Sin
2106 1743 2164 1787 au·

153 1809 263 1877 Princi
288 1831 326 1874 es
360 1822 393 1875 et
413 1808 572 1895 Episcopi
601 1805 720 1873 tollere
752 1807 890 1872 iniustas
912 1803 1024 1891 leges,
1045 1823 1132 1954 ppae
1183 1817 1249 1870 tarn
1271 1818 1351 1871 vota
1375 1804 1457 1869 liunt
1479 1808 1605 1872 ventris
1628 1827 1747 1886 causa,
1770 1809 1854 1873 haec
1883 1806 2073 1894 hypocrisis
2096 1829 2165 1874 non

155 1910 232 1962 sunt
268 1907 365 1961 ontes
398 1894 579 1972 scelerum,
609 1905 642 1958 et
663 1889 811 1957 avellunt
844 1903 971 1956 mentes
1003 1911 1024 1955 a
1081 1911 1132 1955 eo.
1156 1924 1162 1980 Ι
1183 1893 1292 1957 minus
1310 1893 1507 1957 detestanda
1529 1902 1592 1956 est.

154 1983 230 2048 Non
252 1983 437 2047 existiment
458 2002 497 2045 se
519 1978 637 2044 leviter
658 1978 827 2044 offendere
845 1977 965 2055 Deum,
989 1976 1063 2041 cum
1085 1974 1133 2041 in·

155 2070 241 2134 insta
273 2065 407 2134 vincula
431 2068 644 2132 conscientiis
667 2065 830 2142 iniciunt,
864 2066 951 2129 sicut
979 2060 1133 2128 Christus
1270 2059 1466 2141 Postremo,
1506 2083 1582 2128 eum
1614 2061 1738 2129 Paulus
1769 2077 1870 2130 vocet
1908 2062 2165 2150 prohibitionem

155 2156 274 2240 inquit:
299 2153 371 2217 Vae
392 2155 508 2231 nobis,
541 2154 596 2237 qui
615 2149 731 2217 claves
755 2152 891 2228 tenetis,
914 2169 978 2214 nec
1000 2149 1064 2233 ipsi
1084 2150 1133 2213 in·
1184 2148 1328 2234 coniugii
1351 2150 1534 2214 doctrinam
1546 2148 1816 2230 Daemoniorum,
1838 2152 1937 2216 etiarn
1960 2149 2026 2217 boc
2047 2152 2165 2217 vincu-

156 2241 250 2305 tratis
268 2241 301 2304 in
322 2259 461 2325 regnum
483 2236 665 2315 coelorum,
689 2248 722 2301 et
744 2233 830 2303 alios
852 2237 986 2301 arcetis.
1184 2231 1252 2299 lum
1284 2236 1368 2313 voti,
1402 2256 1468 2319 quo
1497 2236 1569 2300 sine
1598 2237 1785 2301 discrimine
1814 2238 1966 2302 omnibus
1995 2238 2165 2302 initiandis

1184 2319 1382 2403 prohibetur
1404 2321 1606 2406 coniugium,
1629 2333 1682 2386 est
1704 2333 1812 2387 ortum
1834 2321 2022 2389 aDiabolo,
2053 2322 2167 2396 Quare

1185 2405 1312 2471 irritum
1324 2418 1437 2471 votum
1460 2408 1611 2484 dueatur,
1634 2410 1830 2490 praesertim
1852 2428 1927 2473 cum
1951 2419 2081 2474 constet
2098 2420 2167 2474 tam

1186 2488 1289 2595 multa
1310 2493 1390 2557 vitia
1418 2494 1531 2598 inesse
1559 2490 1638 2597 huic
1659 2505 1750 2558 voto.
1793 2493 1869 2560 Non
1897 2493 1933 2559 fit
1957 2505 2096 2580 sponte,
2128 2492 2167 2558 lit

448 2620 601 2722 Quinta
632 2616 831 2704 omn..
1185 2575 2167 2751 :¹3¹2th{liliiti.ll.{⁰ttl⁰tli.tli⁶,‘tila

968 2778 971 2782 ⁸
1185 2748 1384 2813 discrimine.
1429 2747 1514 2814 Cum
1541 2750 1641 2833 igitur·
1668 2751 1712 2814 sit
1733 2752 1883 2817 doctrina
1907 2743 2178 2833 daemoniorum,

125 2879 130 2885 -
242 2833 368 2903 Paulus
391 2838 555 2920 vituperat
577 2834 714 2913 viduas,
737 2852 824 2919 quae
842 2830 949 2899 electe
972 2847 1008 2900 ut
1029 2834 1134 2900 servi·
1186 2847 1219 2899 et
1235 2834 1362 2899 irritum
1385 2844 1421 2901 et
1437 2835 1667 2902 detestandum
1689 2847 1751 2903 est.

154 2933 230 2992 rent
245 2921 423 3000 Ecclesiis,
445 2922 548 2986 veteri
561 2919 695 2986 ludaico
717 2939 822 2999 more,
844 2941 919 2986 cum
941 2920 983 2985 de
999 2919 1134 3006 publico

156 3008 336 3088 alerentur,
359 3020 477 3093 postea
497 3008 698 3093 appetebant
719 3006 862 3090 nuptias.
906 3004 1004 3073 Hunc
1025 3005 1136 3073 locum
1271 3005 1441 3072 Hactenus
1463 3002 1586 3094 collegi
1609 3027 1668 3087 aa,
1701 3027 1788 3094 quae
1815 3007 1850 3072 ln
1878 3004 1944 3073 hac
1968 3029 2071 3075 eausa
2088 3020 2167 3074 sunt

155 3094 249 3163 multi
277 3096 530 3162 accommodant
560 3094 605 3158 ad
639 3103 768 3169 votum,
800 3093 878 3179 quia
910 3094 955 3157 ibi
983 3094 1136 3159 dicuntur
1185 3094 1394 3180 praecipuae¹
1415 3092 1512 3158 Nunc
1541 3096 1747 3160 obtestamur
1775 3112 1891 3159 omnes
1924 3097 2166 3181 gubernatores

136 3184 294 3269 ,primam
323 3180 422 3246 fidem
442 3181 567 3245 irritam
589 3177 733 3257 iecisse,
766 3179 856 3264 quod
876 3177 1136 3264 interpretantur
1185 3191 1321 3264 propter
1342 3178 1483 3265 gloriam
1506 3178 1587 3259 Dei,
1610 3178 1695 3246 haec
1716 3181 1783 3247 duo
1805 3192 1841 3245 ut
1861 3180 1925 3266 piis
1947 3183 2065 3247 animis
2089 3201 2166 3247 cou-

146 3264 257 3354 'aliqui
280 3268 322 3334 de
344 3265 523 3333 violatione
544 3267 625 3330 voti.
658 3264 734 3344 Non
764 3265 976 3349 respondebo
999 3264 1135 3332 callide:
1185 3266 1345 3346 siderent,
1357 3263 1522 3347 videlicet,
1534 3268 1623 3353 quod
1636 3266 1761 3333 Paulus
1772 3268 1888 3354 inquit,
1907 3265 2166 3333 Prohibitlonem

156 3354 268 3420 Prima
291 3352 375 3419 fides
398 3373 466 3418 non
488 3352 531 3416 de
552 3362 650 3431 voto,
674 3352 735 3417 sed
758 3351 800 3416 de
822 3350 888 3416 lide
908 3351 942 3416 in
966 3349 1135 3418 Christum
1187 3352 1284 3417 coniu
1309 3352 1330 3416 ii
1352 3372 1429 3416 esse
1452 3352 1637 3418 doctrinam
1654 3352 1925 3419 Daemoniorum.
1959 3352 2053 3430 item,
2100 3352 2167 3418 uod

157 3436 375 3524 intelligenda
398 3451 461 3517 est,
482 3451 518 3503 ut
539 3435 711 3521 aliquanto
733 3437 888 3523 superius
910 3434 1072 3522 loquitur:
1101 3440 1135 3504 Si
1185 3372 1308 3503 Daniel
1329 3437 1495 3524 significat
1524 3439 1692 3524 propriam
1713 3437 1909 3505 Antichristi
1938 3450 2051 3504 notam
2075 3373 2168 3518 lore,

157 3544 339 3613 quastus,
361 3524 870 3590 etmaximedomesticosnon
892 3535 1004 3598 curat,
1036 3525 1134 3591 iidem
1187 3524 1332 3608 coniugii
1354 3536 1565 3588 contemtum.
1620 3523 1727 3590 Multa
1748 3537 1860 3590 autem
1880 3523 1944 3588 hae
1967 3527 2089 3590 breves
2107 3526 2166 3589 ad·

157 3612 347 3696 abnegavit,
370 3624 403 3676 et
425 3621 478 3675 est
499 3606 623 3675 infideli
645 3609 800 3674 deterior.
845 3607 1021 3693 Vituperat
1049 3612 1135 3677 enim
1186 3610 1385 3675 monitiones
1408 3605 1688 3694 complectuntur:
1713 3611 1749 3676 Si
1772 3611 1878 3677 oritur
1898 3607 1983 3675 haec
2006 3610 2166 3694 supersti·
2261 3624 2265 3631 ’

158 3694 282 3762 Paulus
308 3693 521 3762 mulierculas
543 3692 639 3774 illas,
695 3694 762 3759 uod
785 3715 860 3759 cum
880 3699 972 3778 prius
994 3696 1028 3761 in
1057 3716 1133 3783 ege·
1187 3698 1233 3761 tio
1255 3693 1447 3774 aDiabolo,
1471 3716 1511 3760 ac
1534 3694 1721 3762 defenditur
1743 3707 1777 3761 et
1797 3708 2001 3782 propagatur
2016 3698 2059 3762 ab
2072 3696 2166 3761 Anti·

157 3793 244 3847 state
254 3779 395 3848 fuissent
407 3783 589 3860 modestae,
601 3793 640 3846 et
652 3716 792 3845 fideliter
803 3782 999 3861 servissent,
1016 3794 1135 3868 postea
1187 3779 1325 3860 christo,
1346 3801 1489 3848 necesse
1512 3793 1564 3848 cst
1585 3803 1658 3848 eam
1681 3781 1815 3848 trahere
1837 3784 2005 3869 ingentem
2025 3783 2166 3848 ruinam.

157 3879 290 3953 sumptu
318 3866 453 3953 publico
479 3865 585 3945 altae,
616 3867 788 3952 coeperint
821 3867 984 3953 impudice
1012 3870 1135 3938 vivere,
1187 3867 1320 3941 Quanta
1349 3868 1381 3932 in
1403 3870 1593 3934 universnm
1623 3865 1812 3954 corruptela
1840 3889 1969 3934 morum
1990 3880 2044 3935 est
2065 3865 2166 3934 coeli·

157 3965 191 4019 et
219 3951 389 4040 negligere
417 3949 579 4018 officium:
614 3952 755 4036 Propter
786 3952 850 4017 hos
877 3950 985 4017 malos
1013 3974 1137 4034 mores,
1187 3953 1310 4020 batusl
1353 3950 1430 4019 Alia
1451 3956 1538 4019 enim
1559 3956 1637 4020 vitia
1659 3974 1702 4020 ex
1722 3951 1795 4022 aliis
1818 3956 1977 4021 oriuntur.
2022 3953 2167 4019 Maxima

156 4039 277 4125 lnquit,
312 4059 370 4104 eas
393 4038 491 4105 iidem
513 4040 650 4122 primam
671 4040 799 4103 irritam
820 4035 951 4116 facere,
983 4038 1051 4105 hoc
1073 4051 1137 4119 est,
1209 4059 1266 4103 ars
1287 4037 1397 4124 palam
1425 4041 1594 4126 inquinata
1623 4053 1675 4106 est
1698 4043 1901 4107 scortatione
1923 4053 1956 4106 et
1974 4039 2170 4114 adulteriist¹

98 4135 102 4141 '
158 4136 319 4191 excutere
350 4124 464 4204 fidem,
501 4144 568 4210 qna
596 4136 695 4189 antea
718 4123 895 4208 placebant
926 4122 1018 4191 Deo:
1051 4127 1136 4192 Nam
1186 4062 1281 4190 llaec
1326 4123 1475 4193 efficiunt
1508 4138 1636 4192 mentes
1676 4127 1869 4213 prophanas
1903 4139 1936 4192 et
1968 4126 2165 4214 Epicureas,

158 4233 240 4280 vera
263 4210 348 4275 fides
370 4211 545 4287 excutitur,
568 4230 644 4275 cum
666 4211 871 4276 conscientia
893 4208 1060 4295 polluitur.
1188 4210 1275 4276 sicut
1295 4210 1421 4277 Paulus
1443 4212 1486 4276 ad
1509 4210 1677 4298 Ephesios
1700 4226 1830 4291 monet,
1853 4210 2006 4278 libidines
2030 4232 2166 4294 cansam

1188 4316 1266 4362 csse
1287 4296 1441 4383 Epicurei
1465 4311 1649 4364 contemtus
1671 4297 1746 4365 Dei.
1791 4298 1875 4372 Quis
1893 4320 1960 4363 non
1983 4299 2166 4363 detestetur

130 4438 135 4448 .
243 4381 375 4448 Deinde
407 4383 437 4445 si
460 4381 662 4446 contendent
694 4381 837 4449 devoto
871 4381 925 4448 hic
955 4383 1038 4461 dici,
1072 4383 1136 4469 ipsi
1187 4381 1395 4452 manifestam
1416 4385 1647 4469 turpitudinem
1670 4388 1798 4451 morum
1826 4384 1859 4449 in
1882 4383 2034 4470 collegiis
2057 4382 2166 4450 Cano·

157 4466 259 4534 multo
288 4469 426 4556 gravius
449 4468 628 4534 accusandi
651 4478 740 4546 sunt,
772 4467 862 4552 quod
884 4463 1034 4555 obligant
1057 4481 1136 4535 voto
1188 4471 1336 4535 nieorum
1359 4470 1392 4535 ia
1414 4480 1484 4534 tota
1506 4468 1662 4556 Europat
1706 4470 1748 4535 Et
1769 4483 1880 4536 umen
1901 4470 1989 4534 hanc
2008 4479 2167 4554 superant

158 4555 308 4634 iuvenes,
340 4576 406 4619 non
430 4574 541 4634 senes,
575 4566 610 4620 ut
628 4553 683 4617 hic
701 4551 797 4619 locus
810 4554 927 4619 aetatis
939 4555 1137 4635 mentionem
1187 4555 1374 4642 flagitiosae
1406 4552 1560 4622 libidines
1590 4557 1683 4621 urbis
1705 4556 1843 4622 Romae.
1888 4556 2086 4641 Quanquam
2107 4576 2166 4621 au·

75 4642 78 4649 “
157 4636 249 4706 facit.
294 4640 433 4707 Adhaec
462 4641 491 4704 si
519 4660 587 4724 qna
615 4636 756 4704 luissent
784 4640 898 4724 primis
931 4642 1135 4726 temporibus
1186 4655 1253 4707 tem
1275 4662 1407 4728 semper
1425 4645 1522 4727 pauci
1543 4639 1646 4729 aliqui
1668 4640 1811 4722 fuerunt,
1834 4643 1890 4729 qui
1907 4662 2097 4730 repugnare
2108 4643 2167 4707 im·

35 4786 38 4791 .
158 4738 239 4792 vota
258 4726 411 4811 publica,
443 4723 586 4791 fuissent
607 4726 680 4791 sine
701 4726 955 4810 superstitione,
990 4725 1135 4816 obligas·
1186 4725 1357 4793 becillitati
1391 4741 1530 4794 naturae
1562 4731 1672 4794 conati
1705 4741 1801 4810 sunt,
1841 4741 1951 4794 tamen
1989 4726 2167 4794 multorum

159 4823 235 4878 sent
267 4834 305 4878 se
339 4812 495 4879 mulieres
527 4808 605 4876 illae
637 4812 681 4877 ad
714 4812 925 4877 serviendum
949 4810 1135 4880 Ecclesiae.
1187 4814 1412 4894 conscientiae
1444 4815 1592 4899 graviter
1620 4816 1790 4883 sauciatae
1817 4825 1913 4894 sunt,
1947 4827 1980 4880 et
2014 4811 2166 4899 deplora-

158 4897 205 4963 ι
321 4900 545 5005 ιιιιιι
867 4899 1136 5052 :tentatas
1185 4910 1263 5052 nt
1283 4898 1709 5053 trementem*
1730 4901 2208 5054 platanistas·
2255 5002 2257 5007 .

158 5004 756 5158 hhssulmdslhsepddlsthhllhldgulalem,
779 5031 845 5158 qud
867 5070 963 5137 Deus
984 5071 1044 5138 liat
1064 5068 1135 5159 pla·
1185 5071 1318 5152 ricidia,
1351 5009 1592 5140 interficiuntgur
1613 5009 1746 5140 horrido
1754 5009 1993 5154 gdacerhotes,
2028 5006 2166 5160 proffir

313 5205 459 5250 ΙΙΙΛΜἮ.
472 5209 557 5254 om.
571 5207 636 5250 vola·
649 5207 734 5252 mli.
1957 5196 1994 5247 44
