4628 5588
120 144 228 222 'ror
360 188 405 209 ι.
800 97 1548 223 emensuseramrsnoeusmea.
1731 120 1735 132 ’
1852 112 1861 123 ’
2116 154 2230 223 ros-

161 353 201 413 ut
224 343 367 409 mseras
389 351 422 409 et
443 296 793 409 adiiictaeEcclesiae
814 341 1007 430 opituletur,
1030 353 1067 409 ut
1088 346 1147 410 ab·
1221 302 1238 448 j
1284 342 1378 408 llaec
1391 299 1456 429 'pio
1478 357 1511 409 et
1533 340 1673 428 simplici
1694 343 1806 409 animo
1827 315 2014 423 memus,
2034 345 2182 449 aava·

98 464 101 475 =
162 449 251 497 usas
273 448 314 496 ac
338 448 471 495 errores
495 429 656 497 emendet.
1191 431 1340 519 ⁸brtamus
1363 448 1427 495 nos
1448 448 1585 494 eausam
1598 430 1745 519 piamuet
1754 426 1930 495 Ecclesiae
1951 449 2182 534 uecepsarmm

250 600 295 666 Ut
325 611 437 668 autem
469 599 607 667 tollatur
638 600 736 666 huius
771 574 979 667 Sadmmenti
1006 564 1146 680 abusus,
1196 535 1317 681 iim,
1331 513 2102 695 aplessppsepparpppmhgffiagtnrpffipsqlgpppr
2118 621 2181 668 asu
2242 578 2246 584 ’

163 686 420 771 complectenda
443 699 496 753 est
516 689 616 752 etiam
638 688 824 754 emendatio
842 689 944 753 totius
963 686 1147 765 doctrinae,
1197 685 1335 766 Christi,
1352 697 1386 752 ct
1407 688 1450 754 ad
1471 684 1613 754 sulutem
1630 683 1868 753 Ecclesiamm.

48 778 53 785 '
162 773 368 845 restituenda
389 785 442 839 est
465 794 547 840 vera
568 775 719 840 doctrina
741 774 783 839 de
804 774 1018 859 poenitentia,
1041 774 1146 838 dere·

18 1910 22 1915 ’
158 1890 298 1957 mortuis
319 1901 385 1956 etc.

60 888 68 897 ·
162 859 324 927 missione
346 871 572 946 peecatorum,
594 860 741 940 deiide,
762 861 859 926 etde
881 859 1047 926 exercitiis
1069 859 1153 924 fidei
1563 833 1608 947 api
1627 860 1698 947 eet
1718 857 1806 939 δόξα.

44 972 54 985 ‘
161 943 197 1011 in
229 965 294 1012 usu
323 945 622 1012 sacramentorum.
668 944 730 1013 Est
762 957 796 1015 et
816 945 922 1013 blisse
955 944 1147 1012 revocanda

161 1031 206 1097 ad
226 1030 366 1117 primaru
387 1032 635 1099 iustitutionem.
886 1056 890 1063 ·

762 1279 997 1414 cerras
1027 1326 1345 1413 perversu
1365 1325 1593 1413 nussam

253 1544 352 1619 Quod
372 1541 478 1610 Missa
503 1564 565 1612 seu
586 1563 670 1611 usus
692 1544 900 1611 Sacramenti
928 1567 996 1612 non
1025 1548 1068 1631 sit
1091 1564 1145 1610 sa·
1195 1547 1259 1610 bus
1282 1544 1326 1630 pii
1347 1545 1609 1611 admonebantur
1636 1546 1780 1610 devera
1801 1543 1931 1624 hostia,
1964 1566 2053 1633 quae
2081 1560 2179 1614 asset

113 1662 116 1666 ·
163 1628 346 1710 orificium,
380 1651 442 1697 seu
470 1629 539 1698 tale
561 1651 645 1717 opus
667 1633 756 1718 quod
777 1628 901 1711 sactum
923 1654 945 1698 a
965 1633 1144 1698 sacerdote
1195 1628 1362 1697 abolitura
1394 1642 1570 1715 peccatum
1603 1640 1637 1696 ct
1669 1641 1825 1712 mortem,
1859 1629 2025 1714 videlicet,
2047 1634 2089 1700 tle
2111 1631 2175 1700 illo

162 1727 198 1784 et
220 1715 423 1804 applicatum
446 1737 509 1802 pro
529 1714 616 1798 aliis,
634 1729 801 1785 mereatur
817 1720 1046 1785 remissionem
1068 1738 1144 1802 pec·
1194 1719 1361 1803 promisso
1384 1718 1511 1782 senune
1532 1714 1668 1781 Christo
1690 1727 1754 1781 etc.

161 1815 315 1883 catorum
337 1799 490 1884 facienti,
522 1815 556 1870 et
582 1806 623 1868 iis
651 1804 772 1891 quibus
793 1803 981 1891 applicatur
1002 1806 1088 1871 vivis
1109 1815 1145 1870 et
1828 1815 1830 1818 ’
2028 1840 2038 1853 ,

817 1948 819 1953 .
1279 1888 1379 1962 Quod
1401 1890 1488 1954 enim
1509 1886 1681 1954 Leviticae
1701 1885 1831 1953 hostiae
1847 1909 1914 1954 non
1927 1891 2175 1974 potuerintme·

1193 1975 1259 2039 reri
1291 1975 1520 2040 remissionem
1547 1983 1779 2059 peccatorum,
1812 1971 1905 2041 clare
1927 1973 2073 2041 affirrnat
2094 1975 2175 2063 Epi·

1194 2057 1283 2126 stola
1303 2061 1348 2126 ad
1367 2058 1532 2138 Etruscos,
1554 2080 1631 2125 cum
1642 2060 1761 2146 inquio
1783 2057 1990 2146 impossihile
2011 2073 2075 2141 est,
2096 2082 2176 2128 san·

1194 2148 1296 2233 girino
1314 2157 1488 2225 taurorum
1506 2157 1540 2211 et
1557 2143 1726 2212 hircorum
1748 2145 1870 2214 auferri
1885 2158 2037 2231 peccata.
2059 2146 2176 2222 Quare

504 2222 640 2306 Prima
669 2222 801 2307 Ratio.
945 2258 948 2263 ·
1194 2234 1238 2318 pii
1259 2233 1306 2298 ita
1327 2234 1504 2299 utebantur
1521 2228 1588 2298 illis
1611 2234 1826 2312 ceremoniis,
1858 2254 1927 2299 non
1959 2233 2050 2320 quod
2071 2236 2176 2301 seuti-

1193 2330 1269 2383 rcnt
1300 2338 1339 2385 se
1371 2331 1509 2404 propter
1541 2315 1600 2383 illa
1631 2338 1735 2403 opera
1758 2321 1920 2406 consequi
1942 2320 2177 2389 remissionem

23 2471 28 2480 ,
160 2408 167 2425 “
208 2446 213 2455 -
250 2400 386 2470 Nullum
410 2416 462 2468 est
483 2403 701 2481 sacrificium,
722 2425 784 2471 nee
806 2400 866 2469 suit
886 2425 1032 2490 unquam
1054 2405 1143 2491 quod
1194 2416 1408 2488 peccatorum
1426 2425 1539 2470 coram
1559 2400 1648 2483 Deo,
1670 2405 1733 2469 sed
1753 2407 1931 2471 utebantur
1951 2419 2111 2492 tunquam
2129 2408 2178 2474 si·

160 2502 332 2557 mereatur
364 2491 594 2556 remissionem
612 2488 858 2576 peecatorum,
890 2502 924 2556 et
952 2492 1043 2577 quod
1069 2488 1143 2557 aliis
1220 2508 1282 2568 ms,
1315 2491 1436 2576 quibus
1470 2489 1565 2556 Deus
1598 2501 1776 2559 testaretur
1803 2493 1886 2577 ipsis
1918 2510 1997 2557 sese
2020 2492 2177 2559 daturum
2288 2530 2292 2535 ·

160 2576 271 2662 possit
291 2571 463 2661 applicari,
485 2588 620 2661 praeter
637 2578 770 2644 unicum
791 2575 991 2643 sacrificium
1007 2574 1143 2663 Christi,
1193 2512 1276 2645 illud
1307 2576 1508 2663 promissum
1541 2595 1668 2655 semen,
1702 2577 1758 2660 qui
1779 2573 1910 2644 futurus
1928 2589 2019 2643 essct
2040 2579 2178 2645 victima

160 2659 267 2729 semel
289 2657 413 2730 sactum
434 2663 469 2728 in
491 2683 604 2730 eruce.
647 2660 739 2750 ergo
767 2663 874 2728 blissa
898 2683 961 2730 seu
981 2680 1069 2749 opos
1090 2683 1144 2729 sa·
1192 2681 1255 2748 pro
1283 2662 1451 2745 peccatis,
1495 2668 1530 2728 et
1553 2676 1557 2696 ³
1583 2662 1652 2727 uod
1683 2659 1785 2728 vellet
1815 2665 1965 2749 recipcre
1988 2659 2178 2732 'credemus

161 2749 328 2829 careatis,
361 2769 429 2815 non
462 2762 515 2814 cst
536 2748 756 2828 sacrificium,
786 2751 879 2834 quod
906 2750 971 2834 ipsi
992 2748 1048 2816 val
1069 2747 1143 2817 aliis
1165 2749 1404 2835 ppromissioni
1457 2748 1501 2814 de
1543 2747 1571 2813 C
1613 2748 1622 2767 ⁶

160 2833 316 2923 impetret
336 2846 395 2902 aut
416 2835 546 2902 adierat
563 2837 792 2902 remissionem
816 2848 1040 2921 peccatorum.
1192 2845 1329 2920 propter
1348 2832 1442 2900 illam
1464 2834 1641 2900 victimetur.
1685 2832 1728 2899 Et
1749 2837 1815 2919 ipsi
1836 2848 1969 2902 utentes
1991 2833 2059 2902 illis
2080 2857 2176 2903 cere·

890 2988 893 2995 ,
1193 2921 1325 3001 moniis,
1341 2919 1581 3006 profitebantur
1601 2940 1642 2985 se
1662 2921 1813 3007 eredere,
1835 2923 1924 3009 quod
1947 2934 2177 3009 propterpro-

148 3082 150 3085 ¹
249 3006 466 3073 Antecedcos
485 3004 576 3072 clare
598 3017 738 3073 testatur
755 3004 910 3092 ,epistota
931 3008 975 3075 ad
991 3005 1143 3075 Ebraecs
1193 3007 1332 3072 missum
1357 3026 1474 3073 semen
1495 3019 1783 3092 consequerentur
1804 3009 2033 3075 remissionem
2054 3029 2175 3093 pecca·

161 3111 237 3241 esp
260 3092 310 3158 10.
346 3113 433 3179 quac
466 3095 569 3179 inquit
595 3095 639 3159 de
666 3092 831 3160 sacrificio
865 3091 1004 3159 Christir
1029 3092 1145 3160 *Unica
1195 3103 1314 3158 terum.
1380 3095 1496 3178 ltaque
1528 3093 1667 3178 perinde
1693 3095 1746 3157 usi
1768 3108 1847 3159 sunt
1867 3092 1937 3159 illis
1959 3096 2173 3175 ceremoniis,

162 3180 208 3244 cb
223 3180 337 3243 atione
359 3181 601 3245 consummavit
632 3180 883 3265 inperpetuum
904 3179 1142 3245 sanctificatos.
1194 3190 1232 3242 ut
1253 3198 1316 3243 nos
1339 3176 1565 3243 Sacramentis
1588 3180 1720 3244 utimur.
1750 3177 1821 3243 Etsi
1844 3181 2058 3246 interimeret
2075 3183 2174 3245 etiarn
2220 3255 2226 3266 ·

159 3260 261 3344 ltem,
283 3261 395 3332 Semel
415 3268 448 3331 in
472 3268 756 3332 consummatione
778 3264 966 3332 seculorum
993 3266 1036 3331 ad
1063 3269 1144 3333 abo·
1194 3261 1281 3329 allus
1300 3282 1383 3329 usus
1406 3261 1537 3330 illorum
1559 3266 1678 3329 rituum
1700 3263 1936 3345 Levitieomm,
1957 3267 2047 3352 quod
2070 3267 2100 3330 si
2117 3267 2176 3350 qui
2259 3290 2263 3295 ·

160 3345 307 3416 litionem
342 3364 568 3436 peecatomm,
600 3373 661 3436 per
691 3351 834 3418 hostiam
863 3372 958 3418 suam
989 3355 1143 3437 apparuit
1195 3362 1290 3415 eraut
1311 3351 1359 3415 rei
1381 3351 1414 3415 in
1436 3353 1539 3416 certis
1561 3349 1697 3416 offensis
1720 3353 1909 3418 auterratis
1928 3355 2176 3419 coutraobser·

161 3445 228 3502 etc.
273 3436 371 3516 item,
401 3437 475 3504 Hac
496 3434 668 3504 voluntate
690 3436 889 3523 sanctificati
916 3458 1050 3518 sumus,
1081 3460 1143 3524 per
1194 3438 1344 3502 vationes
1376 3434 1560 3516 Moesicas,
1592 3437 1626 3504 hi
1648 3447 1779 3502 utentes
1801 3436 1853 3504 his
1880 3440 2091 3518 ceremoniis,
2123 3458 2175 3504 re·

92 3518 95 3533 ’
161 3520 362 3589 oblationem
387 3525 539 3611 eorporis
560 3528 636 3593 lesu
657 3522 780 3590 Christi
800 3523 917 3591 semel.
1194 3520 1457 3588 conciliabantur
1476 3542 1539 3588 seu
1562 3523 1864 3610 pronuntiabantur
1885 3521 2043 3602 absoluti,
2066 3536 2100 3591 ct
2122 3545 2174 3590 rc-
2279 3559 2282 3562 ⁴

784 3618 786 3622 ’
1194 3609 1419 3693 eipiebantur,
1462 3629 1505 3674 ne
1520 3626 1526 3639 ι
1539 3622 1653 3673 essent
1686 3606 1817 3674 exclusi
1846 3631 1868 3674 a
1900 3607 2015 3696 politia
2048 3606 2174 3695 populi

247 3692 290 3759 Et
321 3692 441 3761 Esaiae
463 3694 527 3762 ‘se
561 3697 602 3760 dc
642 3694 808 3761 sacrificio
842 3695 966 3762 Christi
1007 3697 1141 3763 dieitur:
1192 3692 1284 3761 llaec
1305 3705 1378 3760 erat
1399 3705 1539 3761 externa
1559 3696 1719 3780 quaedum
1736 3693 1968 3762 reconciliatio
1989 3698 2175 3762 secundum

19 3800 28 3813 ·
161 3778 346 3865 Postquam
379 3785 528 3885 posuerit
550 3783 691 3848 animam
720 3801 814 3846 suam
837 3781 977 3847 hostiam
1000 3802 1061 3867 pro
1084 3785 1141 3865 de·
1192 3781 1348 3846 iustitiam
1379 3777 1480 3867 legis,
1512 3792 1545 3847 et
1579 3792 1716 3866 propter
1750 3780 1838 3847 hanc
1871 3779 2182 3881 reconciliationem·

54 4582 62 4594 ·
159 4554 204 4620 ad
225 4556 309 4632 hoc,
341 4566 378 4618 ut
400 4552 451 4618 his
473 4557 612 4640 pictoris
635 4557 881 4642 significaretur
901 4578 1017 4623 verum
1040 4559 1142 4623 sacri·
1192 4577 1254 4635 se,
1292 4575 1379 4642 quac
1411 4552 1450 4619 ai

59 3881 61 3885 ·
159 3863 262 3945 lictis,
280 3866 405 3930 videbit
427 3888 541 3933 semen
564 3866 763 3953 longaevum
786 3879 850 3933 cte.
895 3866 1049 3953 Denique
1071 3880 1142 3935 tota
1192 3869 1399 3933 vocabantur
1427 3867 1593 3932 sacrificia
1625 3886 1686 3931 seu
1708 3869 1913 3952 expiationes
1933 3888 1996 3952 pro
2013 3879 2175 3951 peccato,

159 3951 328 4036 scriptura
360 3951 425 4017 hoe
459 3954 578 4032 docet,
610 3956 701 4039 quod
733 3951 808 4018 sola
835 3974 928 4020 mors
945 3953 1075 4020 Christi
1098 3957 1141 4021 sit
1192 3956 1254 4019 sed
1287 3974 1412 4024 veram,
1431 3950 1736 4018 reconciliationem
1770 3974 1834 4020 scu
1866 3954 2094 4019 remissionem
2116 3974 2175 4019 co·

159 4037 293 4105 unicum
314 4038 527 4116 suenheim,
550 4061 610 4104 seu
631 4041 763 4106 victima
785 4060 846 4124 pro
869 4042 1028 4125 peccatis.
1054 4040 1141 4107 Nam
1193 4060 1263 4105 rere
1291 4037 1368 4106 Dec
1401 4058 1469 4105 oon
1502 4040 1807 4125 consequebantur,
1840 4042 1903 4106 nisi
1926 4038 1991 4105 lide
2013 4051 2177 4108 venturae

85 4127 109 4187 ἰ
159 4135 195 4191 et
215 4125 248 4188 in
270 4126 374 4189 veteri
397 4136 596 4192 testamento
628 4127 691 4191 etsi
719 4136 814 4191 erant
846 4129 1009 4212 quaedam
1037 4129 1140 4193 sacri·
1193 4125 1346 4191 victimae
1368 4124 1508 4203 Christi,
1532 4126 1573 4191 dc
1595 4145 1661 4211 qua
1683 4127 1993 4213 admonebautpios
2016 4122 2095 4192 illae
2115 4144 2176 4191 ex·

159 4209 248 4291 licie,
271 4231 359 4296 quae
380 4213 588 4279 vocabantur
607 4231 668 4297 pro
690 4223 831 4297 peccato
849 4233 911 4278 seu
932 4233 994 4298 pro
1006 4211 1141 4291 delicto,
1191 4222 1308 4279 ternae
1330 4213 1548 4279 ceremoniae
2273 4221 2276 4225 ’

162 4307 274 4364 manen
298 4317 507 4383 nequaquam
531 4296 664 4363 iuuerunt
686 4295 765 4363 talia
788 4317 905 4383 opera,
928 4320 1016 4384 quae
1036 4318 1141 4366 mere·
1359 4376 1362 4383 ¹

161 4395 275 4449 rentur
297 4383 576 4463 sacrificantibus,
597 4401 655 4451 out
676 4383 750 4448 aliis
772 4384 1002 4450 remissionem
1021 4402 1141 4470 pecca·
1278 4381 1329 4448 Ex
1364 4383 1417 4446 his
1452 4384 1536 4447 satis
1559 4380 1697 4468 intelligi
1711 4394 1842 4468 potest,
1875 4383 1965 4468 quod
1994 4384 2106 4467 apicio
2128 4384 2173 4449 de

65 4480 69 4489 '
159 4481 270 4534 totum
292 4489 405 4534 coram
427 4466 521 4546 Deo,
543 4472 604 4535 scd
626 4482 721 4535 erant
743 4473 952 4537 ceremoniae
973 4472 1142 4537 institutae
1166 4491 1170 4597 p
1193 4465 1361 4534 oblatione
1383 4481 1415 4534 ct
1438 4467 1662 4620 applicatione
1683 4469 1794 4554 operis
1817 4469 2005 4541 sacerdotis
2034 4470 2067 4531 in
2090 4467 2174 4534 blis-

1471 4565 1556 4620 rmat
1581 4553 1648 4619 boc
1675 4575 1762 4639 opus
1790 4555 1909 4620 mereri
1941 4555 2173 4620 remissionem

160 4639 270 4712 ficium
294 4638 436 4719 Christi,
464 4643 520 4726 qui
542 4640 674 4709 iuturus
698 4653 768 4709 erat
790 4643 921 4707 victima
943 4665 1005 4728 pro
1022 4663 1142 4728 pecca·
1166 4608 1170 4696 l
1191 4653 1405 4727 peecatorum
1436 4642 1541 4707 utenti
1570 4652 1603 4706 et
1624 4637 1711 4717 aliis,
1744 4640 1845 4725 plane
1866 4651 1992 4728 pugnet
2014 4661 2090 4707 cum
2112 4642 2173 4706 do·
2294 4700 2299 4713 ,

160 4727 204 4791 tis
226 4726 327 4793 totius
358 4728 481 4793 mundi.
524 4727 566 4794 Et
589 4741 727 4815 propter
754 4728 842 4793 hane
864 4729 1141 4879 sipnificationem
1165 4709 1169 4799 l
1191 4729 1299 4795 ctrina
1319 4726 1493 4816 Evangelii
1517 4731 1557 4792 de
1580 4728 1747 4792 sacrificio
1770 4726 1909 4793 Christi:
1940 4725 2050 4810 palaea
2082 4728 2174 4793 enirn

161 4811 406 4878 attribuebatur
428 4810 495 4877 illis
517 4815 690 4899 sacrfficiis
713 4816 799 4880 haec
822 4814 1012 4901 appelatio,
1035 4828 1141 4882 utvo·
1166 4813 1169 4856 ¹
1191 4825 1255 4893 est,
1286 4815 1316 4879 si
1345 4810 1420 4880 sola
1452 4811 1544 4880 mois
1577 4810 1703 4878 Christi
1726 4825 1777 4878 est
1809 4810 1936 4880 oblatio
1958 4825 1992 4877 et
2014 4813 2173 4900 pretium,

1680 2794 1690 2826 ,
1745 2760 1779 2814 et
1821 2750 1990 2817 remittere
2032 2763 2178 2836 peccata
2273 2746 2291 2813 ’,

161 4912 319 4967 carernur
347 4900 593 4982 propitiatoria,
626 4922 688 4967 seu
710 4900 875 4967 sacrificia
901 4922 964 4989 pro
986 4913 1142 4986 peceato,
1188 4913 1327 4986 propter
1358 4901 1446 4986 quod
1482 4901 1691 4966 rernittuntar
1711 4912 1870 5003 peecptu‚
1903 4918 1985 4985 ergo
2010 4918 2096 4984 opus
2117 4918 2172 4965 sa·
2292 4888 2302 4911 ⁸

159 5005 233 5062 non
254 4985 346 5072 quod
378 4981 434 5049 illa
468 5006 571 5070 opera
602 4999 809 5054 mererentur
840 4985 1141 5056 reconciliationem
1190 4987 1335 5051 caudatis
1379 5007 1446 5052 uon
1490 4999 1635 5079 merctur
1675 4987 1905 5051 remissionem
1941 4998 2171 5087 peccaterum.

161 5090 277 5139 coram
298 5071 384 5150 Deo,
419 5073 481 5138 scd
504 5073 581 5159 quia
602 5087 698 5139 mant
718 5075 879 5162 imagines
902 5086 935 5148 et
958 5076 1039 5161 typi,
1071 5074 1141 5161 qui·
1166 5042 1170 5135 Ι
1188 5071 1276 5147 Quid
1308 5083 1421 5158 potest
1453 5073 1602 5156 apertius
1622 5084 1658 5138 et
1678 5064 1861 5156 simplicius
1883 5072 1974 5140 dicti
2042 5070 2172 5159 Estque
