4628 5588
156 127 417 247 aar*¹

72 406 81 419 ·
156 358 277 438 custos
307 365 473 434 hmanas
504 366 697 446 societatis,
730 363 774 433 lit
803 368 969 452 pertinent
996 366 1040 431 ad
1071 363 1169 472 hoc}

155 466 372 544 praeceptum
391 456 561 558 uirtutes:
594 453 720 520 lustitia
750 450 982 606 particularis,
1016 452 1140 558 beneti-

155 547 282 698 geolllilt’
302 552 467 629 aequatas,
488 542 720 622 mansuetudo,
738 542 915 610 cernentia
931 558 994 606 seu
1014 541 1140 605 miserr-

240 884 305 953 itte
337 898 449 953 autem
481 905 624 953 necesse
654 895 707 953 ast
737 887 865 952 moneri
895 886 1064 952 discentes
1097 886 1139 952 de

152 970 546 1128 mgisgpffitmofficio,
569 974 689 1061 quibus
700 973 863 1060 praecipit
874 972 982 1052 Deua,
1004 984 1041 1038 ut
1061 992 1140 1039 son·

186 1268 190 1275 ,
238 1196 389 1284 Utraque
422 1195 495 1264 Lex
528 1197 640 1264 divina
672 1210 740 1279 eat,
772 1197 849 1264 Non
882 1200 1038 1276 occidas,
1072 1198 1138 1263 aoi-

151 1281 249 1365 licet,
276 1287 407 1372 privato
430 1282 568 1364 ellectu,
601 1296 635 1350 et
661 1299 755 1350 extra
777 1287 926 1351 ordinem
949 1308 971 1352 a
993 1284 1067 1351 lieo
1090 1285 1139 1348 in·

46 1386 53 1393 '
152 1372 302 1438 stitutum
321 1391 383 1437 seu
406 1373 635 1456 approbatum,
658 1371 726 1438 Sed
749 1373 965 1459 magistratus
983 1374 1074 1437 iuxta
1089 1369 1139 1437 le·

151 1478 215 1548 ges
247 1455 343 1523 tollat
375 1472 502 1523 sontes.
548 1456 584 1523 ld
617 1460 808 1524 mandatum
841 1456 941 1538 valet,
976 1459 1053 1544 quia
1081 1479 1138 1523 ex·

151 1545 261 1631 ceptio
291 1556 344 1609 est
370 1545 526 1609 divinitus
549 1545 661 1609 addita
683 1541 871 1632 Deealogo,
901 1544 1059 1611 videlicet
1080 1546 1137 1626 ita,
1159 1622 1160 1628 ἵ

150 1645 187 1699 ut
210 1633 299 1696 iuxta
321 1627 416 1718 leges
438 1627 597 1697 tollantur·
620 1645 748 1711 sontes,
772 1653 839 1717 qua
855 1635 888 1698 in
906 1654 943 1697 re
962 1632 1137 1717 magistra·

150 1731 207 1785 tas
229 1738 296 1783 non
319 1718 442 1783 occidit
460 1716 591 1801 privato
609 1717 743 1796 affeetu,
765 1729 823 1783 aut
839 1720 969 1804 privato
987 1719 1135 1796 arbitrio,

150 1806 214 1870 aed
242 1806 448 1890 obtemperat
480 1804 637 1869 mandato
666 1805 796 1881 divino,
830 1816 863 1870 et
896 1805 1063 1883 minister,
1095 1826 1136 1869 ae
1164 1806 1165 1842 l

151 1888 253 1957 veluti
274 1910 391 1956 manus
414 1900 467 1955 est
487 1886 570 1969 Dei,
603 1890 670 1956 hoc
697 1892 796 1956 modo
824 1887 1025 1957 declarantis
1052 1892 1137 1955 iram

153 1996 248 2043 suam
270 1978 435 2042 adversus
458 1974 602 2056 scelera,
630 1988 665 2043 et
686 1979 905 2062 custodientis
929 1997 1135 2044 communem

55 2084 62 2091 ·
154 2064 356 2129 societatem.
393 2062 613 2128 Severiastme
636 2064 723 2129 enim
744 2077 959 2150 praecaptum
982 2061 1136 2130 estDeu-

153 2151 325 2215 teronomii
347 2151 598 2238 undevigesimo
622 2152 747 2237 capitez
780 2151 856 2216 Non
878 2162 995 2237 parcat
1015 2147 1136 2217 oculus

152 2247 244 2316 tuus,
265 2237 327 2301 sed
348 2256 462 2302 sumas
484 2235 625 2303 animaru
647 2259 709 2324 pro
731 2239 852 2318 anima,
874 2251 940 2304 etc.

238 2495 292 2562 Ac
313 2496 487 2561 sciendum
509 2507 573 2571 est,
598 2505 740 2582 quatuor

762 2496 980 2584 gravissimas
1013 2483 1164 2624 causas·

152 2600 232 2647 esse
251 2579 460 2668 publicarum
482 2603 677 2668 poenarum.

239 2720 352 2786 Prima
372 2730 437 2801 est,
459 2720 581 2786 institia
603 2720 685 2801 Dei,
715 2722 793 2808 quia
812 2718 908 2787 Deus
929 2718 1003 2787 vult
1023 2721 1057 2787 in
1080 2741 1137 2807 ge·
1158 2660 1165 2796 Ι

152 2827 234 2874 nera
266 2809 411 2873 humano
445 2819 478 2874 et
513 2828 554 2872 ex
586 2805 639 2873 his
673 2807 836 2894 exeruplis
861 2805 1027 2894 intelligi,
1060 2803 1165 2873 esse'

152 2890 274 2973 Qum,
294 2895 537 2961 discernentem
547 2896 635 2961 iusta
652 2908 685 2962 et
702 2897 835 2975 iniusta,
855 2907 891 2963 et
900 2914 981 2963 uere
988 2896 1138 2963 irascen-

152 2991 219 3049 tam
236 2981 425 3047 iniustitiae.

237 3116 399 3184 &cunda
426 3129 494 3200 est,
524 3119 714 3185 necessitas
741 3120 937 3187 eommunis.
982 3116 1065 3186 Cum
1087 3140 1138 3185 re-

120 3264 123 3270 .
152 3203 341 3271 veraDens
363 3207 407 3270 sit
429 3217 546 3271 eustos
568 3205 732 3272 humanae
753 3209 937 3286 societatis,
958 3204 1055 3272 Deus
1073 3208 1139 3273 hoc.

153 3291 255 3361 nodo
275 3288 365 3358 tellit
386 3308 481 3371 aaa,
532 3294 543 3357 i
564 3291 744 3379 legitimam
764 3295 961 3362 sociantem
989 3296 1140 3373 turbant,

153 3377 221 3443 lmo
243 3388 278 3443 et
298 3373 438 3466 intelligi
463 3402 483 3444 v
522 3391 552 3458 t,
579 3381 813 3446 occinentium
831 3377 1060 3464 neapoli&
1083 3401 1139 3446 ev·

154 3465 258 3548 dinis,
280 3466 357 3551 quia
388 3462 503 3552 regula
526 3479 578 3531 est
601 3463 817 3532 universalis:
841 3468 957 3533 (imnis
984 3468 1041 3552 qui
1062 3463 1139 3553 gla-

154 3551 243 3617 dium
266 3553 455 3637 acceperit,
486 3549 600 3640 glatiio
623 3553 752 3639 peribit
791 3553 850 3619 ·Ac
881 3552 1022 3618 retrahit
1038 3550 1138 3619 Deus

154 3648 270 3702 sontes
289 3640 331 3703 ad
355 3658 495 3723 poenas,
517 3641 614 3705 etiam
638 3661 713 3705 cum
737 3660 779 3706 ex
796 3640 1048 3728 magistratuum
1070 3660 1139 3704 ma·

153 3724 253 3793 nibus
276 3723 474 3814 effugerunt.

233 3856 353 3927 'sertia
370 3874 429 3927 eat
455 3859 660 3949 eaearplnm,
686 3873 725 3929 nt
745 3883 823 3930 eam
837 3864 936 3931 siuet
962 3863 1138 3930 multitudo

153 3966 281 4035 poenas
290 3949 460 4028 *sentim
474 3949 613 4035 plurimi
634 3955 858 4016 eaereaantur
872 3962 968 4019 metu
979 3950 1139 4017 similium

154 4054 348 4119 poenarum,
383 4038 470 4102 sicut
499 4037 650 4102 dieiturt·
668 4036 740 4102 lrex
770 4049 828 4102 eat
848 4039 986 4106 iniustis
1015 4040 1137 4124 posita,

154 4120 287 4191 scilicet
308 4133 344 4186 ut
364 4119 444 4211 lege
467 4136 500 4188 et
521 4135 611 4189 metu
634 4123 794 4209 repressi,
815 4126 978 4211 imperent
992 4126 1139 4191 externis

154 4209 322 4291 membris,
339 4229 382 4277 ne
404 4204 608 4296 delinquant.

242 4362 369 4438 Quarta
390 4383 495 4431 eausa
516 4377 581 4445 eat,
604 4361 880 4432 commonefactio
896 4367 940 4431 de
960 4362 1073 4432 futuro
1091 4366 1140 4430 ia·

154 4449 253 4518 dicio.
286 4449 372 4517 Nam
393 4472 436 4516 ex
458 4449 512 4519 hia
535 4451 716 4535 paucorum
738 4454 856 4536 poenis
878 4451 951 4518 vult
967 4473 1032 4518 nos
1043 4451 1139 4517 Deua

154 4538 368 4617 ratiocinari,
401 4559 476 4617 cum
503 4558 583 4604 vere
614 4540 781 4604 irascatur
812 4540 980 4624 peccatis,
1010 4553 1140 4604 restare

155 4620 246 4690 aliud
278 4625 454 4705 iudicium,
491 4625 524 4691 in
559 4645 624 4729 quo
658 4622 860 4692 horribiliter
892 4625 988 4691 Deus
1027 4627 1151 4715 puniet

156 4713 300 4778 ornnium
332 4709 484 4791 scelera,
516 4731 571 4798 qur
601 4731 668 4775 non
695 4724 774 4777 sunt
800 4715 842 4778 ad
866 4732 940 4778 eum
971 4713 1141 4790 conversi,

155 4818 220 4865 nec
237 4800 475 4890 quaesiverunt
486 4797 718 4866 remissionem
735 4819 796 4884 per
805 4798 1037 4879 Mediatorem,
1051 4800 1143 4865 'sicut

154 4886 328 4973 praecipit·

243 5055 295 5123 Ex
315 5055 381 5124 hac
396 5057 554 5124 doctrina
576 5057 618 5124 de
640 5051 754 5125 otnero
771 5056 1045 5145 magistratuum,
1075 5056 1142 5123 iam

156 5138 258 5211 facile
290 5154 342 5211 est
373 5145 584 5233 interpretari
615 5146 815 5253 sententiaa,
845 5164 932 5232 quae
963 5142 1143 5231 prohibent

244 5310 247 5315 -
313 5280 553 5328 ammom.
564 5283 630 5328 '01⁶
640 5283 727 5328 xxm.
771 5314 777 5323 .

795 135 855 244 ιν.
876 141 1138 249 msaasno
1159 171 1361 244 sunnon
1381 172 1544 244 meme
1590 260 1601 273 ⁸

1191 366 1384 444 vindictam,
1403 377 1441 432 ut
1451 365 1539 451 apud
1552 361 1708 431 Paulumt
1730 363 1807 431 Non
1823 366 2033 434 vindicantes
2044 380 2177 437 vosmet
2233 403 2236 407 ⁴

1191 453 1266 537 ipsi.
1310 451 1408 532 item,
1440 453 1474 518 Si
1497 454 1570 538 quis
1588 453 1806 538 percusserit
1822 464 1856 518 te
1878 455 1911 518 in
1935 455 2096 534 dextram,
2119 458 2178 522 ob·

1192 551 1286 604 verte
1308 540 1339 604 ei
1366 551 1401 604 et
1428 539 1608 607 sinistram.
1655 539 1745 605 liaeo
1773 541 1863 607 dieta
1890 543 2000 606 omnia
2033 562 2178 610 necesse
2298 595 2301 600 .

1192 638 1244 693 cst
1277 625 1328 691 sic
1359 623 1509 714 intelligi,
1538 647 1581 691 ne
1611 622 1749 691 tollatur
1777 626 1922 694 officium
1946 626 2177 716 Magistratus.

1193 712 1280 787 Quia
1300 710 1512 778 manifestum
1536 724 1600 794 est,
1621 713 1656 778 id
1673 733 1835 798 expresse
1857 711 1964 780 aDeo
1987 717 2193 784 mandatum.
2278 790 2281 794 Α

1192 811 1226 865 et
1247 801 1411 882 satroitum
1433 820 1521 866 esse.

1276 918 1484 986 Testirnonia
1506 932 1587 986 nota
1614 932 1692 991 sant
1719 941 1761 985 ex
1791 923 1901 1009 capite
1928 923 2176 991 decimotertio
2284 932 2297 951 ⁴

1191 1003 1363 1092 Epistolae
1373 1006 1468 1074 Pauli
1491 1009 1534 1073 ad
1556 1006 1744 1074 Romanos:
1767 1005 1957 1074 Potestates
1979 1021 2175 1095 quaesunt,

1191 1094 1365 1159 ordinatae
1386 1106 1464 1159 sunt
1493 1094 1625 1160 aDeot
1655 1106 1688 1159 et
1715 1115 1924 1181 nequaquam
1946 1097 2082 1163 dubium
2111 1107 2177 1176 eet,

1190 1178 1532 1333 pplliticnmordiuepln
1556 1181 1900 1331 iugensvbeneficium
1913 1181 1993 1288 ‘Dei
2022 1203 2112 1335 esga,
2132 1194 2177 1289 'ut

1190 1287 1274 1418 tit
1294 1283 1664 1440 tit'tttttn'‚·‘⁶izt
1686 1289 1774 1434 rii?
1796 1281 2175 1440 {titii-iirttttii.

1191 1438 1327 1519 dictam,
1351 1452 1477 1506 tantum
1498 1442 1677 1526 prohibere
1699 1443 1879 1507 vindictam
1901 1445 2081 1526 privatam,
2108 1441 2175 1510 hoe

1189 1538 1252 1608 est,
1275 1548 1344 1592 non
1367 1529 1551 1594 ordinatam
1573 1549 1595 1595 a
1616 1526 1690 1594 Deo
1713 1529 1802 1594 iuxta
1823 1525 1919 1617 leges
1941 1527 2110 1614 politicas.

1275 1681 1328 1748 Ac
1351 1685 1474 1749 dictum
1501 1685 1536 1750 in
1563 1683 1844 1751 Deuteronomiot
1878 1683 1958 1751 Mihi
1982 1686 2175 1763 vindictam,

1189 1779 1222 1834 et
1244 1787 1309 1854 ego
1333 1772 1531 1850 retribuam,
1559 1773 1731 1836 verissime
1754 1771 2005 1855 comprehendit
2027 1767 2175 1836 oiiicinm

1188 1853 1416 1942 Magistratus.
1463 1857 1548 1921 Nam
1577 1871 1610 1923 et
1643 1878 1752 1942 poena
1785 1856 1949 1944 legitima,
1984 1879 2049 1943 qua
2071 1856 2175 1943 magi·
2268 1938 2270 1942 Α

1188 1952 1314 2007 stratus
1348 1955 1464 2010 sontes
1487 1943 1608 2024 allicit,
1643 1957 1695 2008 est
1725 1965 1811 2028 opus
1838 1966 1858 2010 a
1882 1944 1956 2033 ileo
1986 1946 2176 2015 ordinatum

1187 2040 1221 2093 et
1243 2050 1285 2112 ap
1311 2031 1473 2095 robatum.
1518 2029 1613 2099 Deus
1640 2032 1826 2095 immediate
1853 2045 1909 2097 aut
1938 2052 1999 2116 per
2021 2027 2175 2116 angelos,
2202 2100 2205 2104 ,

1187 2051 1514 2266 Bunitl’haraonem,
1538 2128 1571 2181 et
1583 2115 1822 2182 Sennacherib.
1843 2115 1989 2183 Iiiediate
2012 2138 2094 2183 vero
2115 2137 2177 2201 par

1217 2203 1328 2271 ,avidis
1362 2203 1492 2284 ducem,
1516 2204 1609 2288 punit
1640 2201 1869 2283 Absolonem,
1902 2225 1964 2290 per
1985 2205 2177 2293 Aegustum
2285 2253 2288 2258 -

1186 2291 1281 2378 punit
1301 2288 1496 2358 Antonium.

1275 2396 1372 2494 nae
1397 2429 1577 2513 mara
1608 2440 1698 2493 sunt.
1742 2427 1857 2515 nuque
1890 2429 1922 2493 n
1952 2427 2062 2492 natat
2094 2379 2177 2492 mm

1187 2514 1378 2591 vindictam,
1399 2536 1542 2580 necesse
1559 2528 1616 2580 est
1639 2516 1875 2601 comprehendi
1896 2526 2003 2579 totum
2023 2511 2176 2578 ‹tl'lioiutn

1188 2602 1418 2687 magistratus,
1437 2602 1483 2666 de
1502 2623 1572 2687 qua
1592 2601 1681 2667 inira
1702 2623 1821 2667 rur-sna
1843 2602 2019 2667 dicendum
2030 2602 2108 2665 erit

1274 2755 1373 2821 Nune
1394 2758 1518 2821 inserui
1541 2757 1630 2822 hano
1652 2759 1787 2823 brevem
1810 2752 2176 2834 commonefaction'em,

1188 2851 1224 2907 ut
1256 2842 1403 2923 iuniores
1435 2845 1632 2928 praemuniti
1663 2845 1735 2908 sint
1768 2841 1887 2909 contr'a
1914 2840 2052 2907 furores
2084 2841 2175 2907 Ana·

1189 2925 1428 3012 baptis‘tarum,
1452 2932 1506 3079 ptri
1528 2931 1651 2995 iudicia
1671 2941 1706 2994 et
1727 2949 1875 3016 poenas,
1899 2940 1932 2995 et
1956 2925 2076 2993 multas
2097 2947 2174 3013 par·

1188 3028 1241 3081 tes
1264 3015 1390 3080 ordinis
1412 3037 1456 3101 po
1472 3017 1537 3082 itioi
1560 3018 1737 3096 damnant,
1760 3036 1823 3082 nec
1845 3014 2036 3102 intelligunt
2057 3014 2175 3082 discri-

1190 3122 1266 3167 men
1287 3103 1431 3168 iustitiae
1453 3104 1602 3193 spiritus,
1623 3116 1658 3169 et
1679 3105 1767 3169 vitae
1788 3099 1957 3190 politicae.
2017 3125 2022 3134 ·
2051 3184 2057 3197 Ι

1269 3240 1524 3306 Sciantautem
1547 3261 1664 3307 onnes
1685 3241 1851 3320 homines,
1874 3244 2117 3328 gubernatores
2142 3249 2176 3305 et

1188 3328 1324 3406 subditi,
1336 3330 1497 3393 ordinem
1510 3326 1695 3414 politicum,
1718 3349 1793 3392 eum
1811 3329 1973 3412 sapientia
1996 3339 2030 3390 et
2051 3326 2177 3392 iustitia

1189 3412 1253 3478 net
1276 3414 1527 3494 aetuans-ait,
1541 3428 1585 3479 ret
1602 3417 1824 3566 expoliatus,
1848 3436 1917 3480 rem
1941 3416 2062 3478 bo‘nam
2085 3431 2174 3492 osee,

1189 3502 1287 3587 quam
1311 3521 1427 3565 omnes
1457 3515 1595 3586 prepter
1638 3501 1731 3565 kam
1754 3502 1909 3567 venerari
1933 3503 2113 3576 debemus,
2141 3508 2177 3564 et

1190 3607 1256 3672 qua
1287 3590 1334 3651 uti
1362 3607 1479 3652 omnes
1513 3588 1603 3654 bona
1630 3588 1854 3667 conscientia,
1882 3589 1916 3656 in
1944 3588 2012 3654 vita
2040 3583 2176 3672 politica

1188 3693 1382 3758 possumus.

1274 3794 1328 3861 Aa
1349 3792 1528 3862 vnltDens
1550 3794 1584 3859 in
1606 3789 1729 3858 talibus
1753 3791 1873 3879 ciliciis
1896 3752 2018 3861 multas
2034 3793 2175 3860 virtutes

1189 3883 1340 3949 exerceri
1363 3893 1395 3946 et
1417 3880 1531 3947 lucere
1552 3878 1663 3960 iidem,
1684 3881 1929 3948 invocationem
1952 3881 1985 3944 in
2003 3877 2175 3964 periculis,
2268 3919 2277 3932 -

1189 3969 1370 4055 gratiarum
1387 3969 1552 4034 actionem
1571 3979 1708 4053 propter
1724 3966 1893 4046 auxilium,
1913 3963 2174 4033 celebrationem

1190 4054 1373 4140 sapientiae
1395 4066 1429 4120 et
1451 4055 1596 4120 iustitiae
1608 4052 1671 4120 Dei
1694 4070 1832 4140 propter
1853 4055 1959 4140 ipsius
1983 4053 2109 4120 ordinis
2126 4052 2175 4116 in·

1189 4142 1390 4206 stitutionem
1413 4152 1446 4207 et
1462 4142 1764 4221 conservationem,
1787 4154 1960 4228 praeterea
1981 4136 2174 4223 patientiam

1190 4239 1222 4293 et
1251 4225 1460 4293 dilectionem
1489 4249 1571 4315 erga
1599 4229 1702 4293 cives.
1751 4229 1905 4293 iistendit
1934 4226 2021 4290 enim
2048 4223 2174 4311 ntagni·

1190 4316 1269 4382 tudo
1303 4328 1337 4380 et
1358 4315 1505 4380 varietas
1527 4315 1737 4400 negotiorum
1759 4325 1793 4379 et
1820 4309 2044 4399 periculorum
2074 4312 2173 4390 vitae,
2291 4326 2295 4333 ·

1190 4404 1223 4467 in
1242 4398 1307 4466 hac
1325 4397 1414 4466 civili
1427 4402 1669 4467 consuetudine
1680 4401 1791 4465 offerri
1809 4400 2011 4465 occasiones
2029 4397 2173 4479 omnium

1190 4489 1346 4555 virtutum
1367 4489 1638 4572 exercendarum.
1753 4556 1756 4576 ¹
2052 4491 2056 4497 “

1415 4726 1478 4797 oe
1498 4727 1643 4794 sax-ro
1665 4686 1946 4812 ranacario,

1479 4873 1576 4959 Non
1605 4872 1894 4956 moechaberis.

1280 5053 1326 5122 Ut
1346 5075 1449 5141 supra
1471 5056 1594 5121 dietum
1615 5056 1746 5136 est,'in
1769 5054 1933 5142 negativis
1956 5051 2175 5133 orationibus,

1195 5140 1488 5231 eompreheudeet
1503 5141 1672 5228 quasdam
1688 5137 1929 5221 aihnnativaa,
1958 5140 2005 5204 ita
2026 5137 2081 5206 hie
2099 5158 2176 5203 cum
2196 5149 2205 5163 ·

1968 5262 2002 5314 il
