4628 5588
181 391 300 440 omnes
388 382 449 436 tes.
515 367 616 448 ltem,
648 365 824 434 'limabant
846 387 921 433 eum
943 367 1053 432 donec
1069 375 1168 432 erunt

88 483 89 486 ¹
180 457 244 527 Sol
265 469 301 525 et
350 477 426 525 una.
470 455 563 533 ltern,
586 454 786 520 Adorabunt
803 474 917 520 coram
939 473 980 518 eo
1002 452 1144 537 semper.

267 611 306 678 ln
327 609 381 676 bis
403 611 517 676 verbis
539 611 718 695 perspicue
746 602 944 674 describitur
971 608 1165 686 aeternitas,

180 700 273 768 Ante
304 695 422 776 solem,
455 697 489 762 id
522 705 594 776 est,
626 709 806 781 antequam
829 694 884 759 sol
911 695 1067 760 conditus
1100 705 1165 773 est,

181 797 255 866 crat
270 784 327 850 hic
348 781 464 849 Filius.
492 781 579 847 Nam
599 779 764 847 Ebraicus
787 779 945 845 Psalmus
966 781 1022 846 hic
1043 780 1165 866 insigni

181 873 286 941 verbo
308 889 392 937 usus
415 881 479 947 est,
501 867 696 954 significans
717 866 808 934 haud
831 867 930 933 dubie
951 877 1064 933 natum
1086 886 1166 932 esse

182 955 312 1037 Filium,
335 967 413 1022 ante
436 955 660 1021 conditionem
680 952 775 1020 solis.

267 1108 401 1178 Deinde
430 1118 463 1174 et
496 1102 670 1175 manifeste
703 1056 858 1174 adfirmat
884 1106 975 1172 hunc
1008 1105 1167 1172 Messinm

182 1219 316 1285 semper
333 1198 553 1263 invocandum
574 1215 664 1274 esse,
683 1195 780 1260 etiam
795 1216 870 1261 eum
893 1214 960 1259 non
982 1194 1167 1277 conspicie-

181 1281 378 1355 urceolis.
406 1283 484 1348 Non
505 1280 768 1367 tviturtoquitm
790 1282 832 1346 tle
851 1292 954 1368 gestu
976 1299 1165 1375 corporum,

206 1374 240 1439 ui
260 1371 496 1458 praesentibus
560 1370 679 1454 egibus
713 1367 898 1447 exhibetur,
931 1365 992 1430 sed
1022 1361 1167 1450 loquitur

182 1396 226 1527 de
255 1467 379 1536 mente,
414 1475 501 1542 quae
534 1457 615 1539 petit
632 1475 653 1518 a
674 1451 812 1532 Messio,
833 1466 871 1518 ut
889 1454 1085 1517 misereatur
1107 1470 1166 1515 no·

183 1546 257 1624 stri,
275 1554 310 1610 et
330 1544 374 1609 sit
396 1542 601 1607 intercessor
623 1559 684 1625 pro
706 1541 824 1618 nobis,
858 1539 914 1603 det
935 1538 1166 1604 remissionem

181 1641 413 1718 peccatorum,
444 1628 602 1712 Spiritum
634 1637 788 1693 sanetum
810 1637 843 1689 et
863 1627 964 1691 vitam
986 1636 1167 1701 aeternam,

182 1731 217 1785 et
248 1719 293 1781 sit
325 1709 505 1798 opitulator
533 1724 566 1778 et
582 1708 758 1776 defensor
780 1712 879 1776 etiam
908 1712 941 1775 in
958 1707 1056 1775 buius
1079 1711 1167 1775 ritae

183 1798 354 1890 periculis,
376 1800 540 1865 adversus
559 1796 690 1862 furores
702 1795 838 1875 Diaboli
849 1809 883 1862 et
895 1798 1079 1881 impiorum,
1103 1796 1167 1858 sie·

183 1901 275 1961 utet
307 1890 381 1952 ise
412 1888 528 1970 inquit,
562 1883 653 1949 Oves
686 1904 781 1949 meae
807 1902 926 1950 vocem
947 1903 1054 1946 meam
1076 1882 1167 1947 audi·

185 1989 254 2043 unt.
334 1994 407 2037 emo
430 1973 536 2055 rapiet
554 1991 612 2035 eas
631 1991 673 2034 ex
696 1991 797 2035 rnanu
824 1973 936 2034 mea,
976 1966 1069 2033 Talis
1087 1968 1167 2033 ado·

111 2048 121 2065 ⁸
186 2063 269 2128 ratio
290 2080 370 2126 vere
387 2059 502 2124 tribuit
523 2057 793 2140 omnipotentiam
815 2055 974 2133 Messiae,
997 2067 1030 2120 et
1052 2052 1167 2118 testifi-

186 2160 372 2214 caturcum
395 2164 472 2210 esse
493 2142 614 2222 Deum,
635 2153 672 2207 ut
695 2162 797 2226 supra
819 2142 902 2221 dixi,
936 2141 1000 2206 has
1028 2150 1061 2204 et
1079 2139 1167 2203 simi·

184 2233 236 2301 les
258 2234 441 2299 sententias
471 2232 513 2295 de
542 2228 765 2307 invocatione,
789 2225 965 2314 diligenter
988 2246 1167 2310 excerpen-

184 2323 247 2391 aas
269 2341 359 2398 esse,
394 2319 472 2404 quia
494 2312 592 2381 simul
610 2316 748 2392 docent,
782 2317 856 2400 quis
875 2315 919 2378 sit
940 2311 1099 2391 Messias,
1134 2322 1168 2376 et

184 2404 434 2475 consolationes
457 2403 669 2468 necessarias
691 2402 789 2466 nobis
811 2410 1012 2486 proponunt.

268 2560 354 2626 Post
373 2556 459 2624 haee
481 2557 671 2623 testimonia
682 2556 725 2621 ab
739 2551 912 2618 effectibus
937 2564 1058 2632 sumta,
1083 2572 1169 2637 quae

185 2647 263 2733 qnia
283 2644 506 2733 proprietates
530 2643 710 2720 continent,
727 2638 791 2706 soli
814 2640 945 2705 divinae
968 2651 1001 2703 et
1022 2638 1168 2703 infinitae

184 2743 325 2798 naturae
346 2732 552 2808 tribuendas,
575 2730 682 2794 minus
703 2724 899 2793 labefactari
921 2736 1076 2811 possunt,
1111 2725 1168 2789 ad·

185 2819 282 2885 datur
314 2829 350 2883 et
382 2839 425 2883 ex
458 2814 594 2880 Psalmo
625 2814 773 2881 seeundo
808 2833 875 2877 vox
898 2816 1023 2879 aeterni
1046 2810 1167 2890 Patris,

183 2904 258 2992 Ego
281 2904 381 2971 hodie
403 2904 502 2990 genui
521 2913 565 2981 te,
588 2913 621 2967 et
641 2899 825 2966 illustretur
846 2897 912 2962 hoe
935 2900 1068 2968 dictum,
1099 2894 1169 2962 eol·

184 2989 262 3056 latis
284 2991 494 3069 testimoniis,
519 3009 605 3074 quae
627 2988 760 3052 suntin
783 2986 972 3050 narratione
999 2982 1169 3055 iohannis,

185 3080 244 3144 ubi
264 3076 408 3142 Messias
432 3076 631 3142 discernitur
654 3094 675 3137 a
697 3072 839 3137 caeteris
862 3070 950 3138 filiis.
1012 3069 1169 3134 Nomina-

185 3174 240 3230 tur
262 3165 349 3229 enim
370 3163 570 3249 unigenitus
595 3161 719 3224 caeteri
741 3164 855 3223 autem'
880 3154 1090 3243 adpellantur
1112 3153 1170 3220 filii

185 3250 375 3334 adoptione.
442 3246 524 3314 Cum
552 3248 651 3333 igitur
683 3244 843 3310 Messias
860 3247 904 3311 sit
927 3255 1045 3308 natura
1068 3240 1168 3326 filius,

185 3357 330 3403 necesse
361 3347 413 3401 est
447 3336 488 3400 de
520 3333 708 3399 substantia
747 3330 856 3395 Patris
896 3330 1041 3416 genitum
1082 3349 1168 3393 esse.

186 3421 273 3489 llinc
329 3422 516 3506 erspieuum
549 3431 602 3486 est
634 3419 758 3483 dictum
791 3414 916 3481 Psalmi
950 3416 1169 3481 enarrandum

186 3528 265 3575 esse
294 3445 335 3574 dl
369 3509 582 3594 generatione
614 3503 690 3584 filii,
723 3524 790 3589 qua
817 3523 896 3568 vere
919 3523 960 3568 ex
983 3503 1170 3567 substantia

185 3594 297 3661 Patris
319 3596 451 3681 genitus
475 3605 538 3658 est.
582 3591 656 3679 Ego
679 3589 792 3668 hodie,
815 3589 849 3653 id
872 3601 943 3668 est,
970 3591 1013 3653 ab
1031 3600 1169 3653 aeterno

187 3683 287 3769 genui
320 3692 371 3762 te,
392 3677 533 3758 seilicet,
554 3699 635 3745 vera
658 3676 896 3766 generatione,
932 3677 973 3742 de
995 3694 1070 3740 mea
1091 3676 1170 3740 sub·

186 3767 319 3834 stantia

273 3988 446 4056 Hactenus
467 3989 656 4055 testimonia
678 3988 832 4052 recensui
856 4006 898 4051 ex
919 3985 1026 4050 veteri
1054 3995 1088 4050 et
1110 4003 1170 4048 no·

186 4097 231 4145 vo
247 4073 474 4155 Testamenta,
520 4096 585 4140 uae
606 4073 781 4140 adfirmant
802 4071 918 4138 Filium
929 4070 995 4136 Dei
1016 4073 1169 4158 unigeni·

110 4196 112 4200 ·
186 4175 267 4243 tum,
291 4164 406 4249 quise
429 4096 585 4248 patelecit
607 4163 722 4247 generi
745 4161 900 4237 humano,
935 4160 1089 4223 adsumta
1110 4179 1168 4224 na·

186 4260 264 4335 tura
282 4247 429 4333 humana
450 4268 491 4312 ex
515 4249 645 4334 virgine
666 4245 789 4326 Maria,
818 4258 851 4311 et
879 4246 1000 4311 dicitur
1024 4245 1112 4326 λόγος
1136 4255 1169 4310 et

186 4337 309 4423 mago·
330 4336 456 4401 aeterni
488 4333 610 4420 Patris,
643 4354 723 4398 vere
751 4335 794 4398 de
826 4332 1015 4396 substantia
1041 4333 1168 4396 aeterni

186 4423 297 4488 Patris
318 4433 432 4488 natum
450 4441 546 4501 esse,
579 4432 614 4485 et
641 4432 760 4485 natura
781 4417 890 4484 Deum
909 4429 942 4482 et
964 4419 1167 4502 omnipoten-

186 4519 253 4575 tem
281 4529 371 4575 esse.
426 4505 510 4572 Cum
538 4519 649 4572 autem
671 4516 741 4571 tota
760 4505 846 4571 haec
862 4502 1027 4570 sententia
1048 4501 1167 4588 procul

186 4592 465 4662 exna·humanae
486 4594 624 4659 rationis
658 4605 874 4678 conspectum
906 4592 1017 4677 posita
1039 4591 1099 4668 sit,
1133 4601 1168 4657 et

185 4682 351 4748 humanae
379 4681 497 4746 rationi
518 4680 606 4746 baec
627 4676 727 4745 valde
748 4679 895 4745 absurda
917 4690 949 4743 et
970 4689 1055 4744 tetra
1077 4677 1167 4759 vide·

185 4779 296 4846 antur,
318 4765 428 4833 Deum
445 4786 619 4853 generare,
640 4777 674 4830 et
695 4761 807 4849 plures
828 4785 1093 4850 essupersouas
1111 4784 1166 4830 co-

813 174 1154 247 masmanna
1181 172 1384 244 amon
1408 176 1568 246 NlOENl

1216 364 1282 433 Dei
1304 368 1410 432 irritat
1430 365 1519 434 levia
1539 368 1686 454 ingenia,
1707 378 1744 433 ut
1766 368 1941 452 opiniones
1959 368 2110 454 gignant,
2133 388 2201 434 am·

1216 452 1423 605 {decumum
1467 466 1502 519 et
1541 464 1704 540 spargant
1742 453 2002 521 contumeliosas
2036 456 2202 522 adversus

1253 563 1338 620 eum,
1362 552 1395 606 ot
1413 552 1471 605 aut
1491 540 1603 623 palam
1624 541 1780 605 obiiciant
1798 539 2038 624 Prophetarum
2056 550 2091 606 et
2111 542 2202 627 Apo·

1217 626 1382 693 stolorum
1404 628 1602 707 doctrinam,
1626 637 1662 693 ut
1682 624 1763 692 lecit
1783 625 1965 708 Mahomet,
1991 639 2049 694 aut
2065 626 2216 695 eludant·

1217 735 1300 781 vera
1321 714 1520 780 testimonia.

1304 869 1480 934 Adversus
1503 869 1567 933 hos
1590 866 1781 932 horrendos
1803 854 1936 933 firrores
1959 869 2100 952 primum
2122 890 2203 934 vera

1218 955 1371 1021 doctrina
1392 955 1591 1020 muniendae
1608 967 1687 1021 sunt
1709 966 1854 1033 menteS,
1887 955 2006 1020 deinde
2029 967 2063 1020 ct
2080 954 2204 1042 singuli

1217 1040 1366 1106 adsiduis
1397 1051 1431 1106 et
1463 1043 1655 1107 ardentibus
1689 1042 1777 1106 votis
1798 1053 1948 1126 petamus
1971 1042 2044 1129 regi
2066 1054 2203 1111 nostras

1218 1137 1347 1192 mentes
1369 1150 1390 1193 a
1411 1126 1500 1208 Deo,
1515 1149 1559 1194 ne
1580 1123 1812 1213 languefactae
1834 1130 1987 1193 amittant
2015 1150 2131 1195 veram
2153 1128 2190 1195 lu

1220 1235 1303 1279 cem.

1303 1368 1455 1455 Utroque
1476 1378 1587 1433 autem
1609 1387 1732 1471 genere
1754 1369 2016 1434 testimoniorum
2037 1388 2101 1434 nos
2124 1389 2228 1434 cons·

1219 1454 1400 1535 firmemus,
1423 1453 1686 1521 videlieetdrctis
1705 1454 1913 1539 Propheticis
1937 1453 2202 1540 etApostolicis,

1219 1554 1251 1606 et
1273 1543 1392 1608 deinde
1414 1564 1495 1607 vero
1519 1553 1552 1606 et
1575 1541 1741 1606 constanti
1761 1562 1929 1608 consensu
1952 1544 2075 1608 veteris
2086 1540 2204 1608 Eccle-

1218 1629 1301 1708 siae,
1324 1649 1411 1715 quae
1433 1630 1610 1714 perspicue
1632 1627 1785 1692 adfirmat
1811 1627 1863 1694 his
1886 1630 1985 1695 tantis
2009 1642 2203 1695 controver-

1217 1716 1278 1779 siis
1300 1716 1450 1800 agitatis,
1486 1716 1537 1779 sic
1560 1710 1728 1779 intellecta
1750 1734 1828 1779 esse
1849 1712 2091 1800 Apostolorum
2113 1716 2203 1780 testi·

1218 1803 1338 1881 monia,
1361 1814 1393 1865 et
1416 1802 1458 1865 ab
1477 1801 1559 1886 ipsis
1581 1798 1768 1886 Apostolis,
1792 1813 1825 1865 et
1847 1802 1889 1865 ab
1913 1822 2028 1867 eorum
2049 1802 2206 1866 auditori·
2253 1869 2260 1878 ,

1218 1890 1282 1953 bus
1320 1886 1463 1952 fideliter
1502 1886 1590 1953 hane
1628 1889 1826 1952 sententiam
1861 1886 1953 1951 initia
1986 1899 2235 1974 propagatam,

1218 1995 1294 2057 esse
1327 1995 1388 2059 per
1420 1975 1583 2059 probatos
1601 1975 1772 2052 doctores,
1804 1984 1841 2038 ut
1874 1993 1977 2057 supra
1999 1975 2041 2038 de
2063 1973 2204 2040 Irenaeo

1219 2070 1253 2126 et
1277 2058 1445 2147 Gregorio
1465 2060 1747 2126 Neocaesariensi
1771 2060 1921 2125 diximus,

1305 2213 1433 2280 llorum
1463 2211 1648 2279 clarissima
1677 2227 1709 2280 et
1735 2216 2005 2279 constantissima
2027 2214 2206 2279 adsevera-

1218 2303 1265 2366 tio
1288 2320 1351 2364 nos
1375 2321 1507 2388 quoque
1530 2299 1714 2365 confirmat.
1763 2300 1825 2366 Est
1848 2303 1933 2365 enim
1953 2301 2118 2366 audienda
2139 2298 2205 2367 Ec·
2269 2358 2272 2363 .

1220 2385 1335 2466 alesia,
1370 2389 1430 2451 sed
1449 2401 1572 2466 tamen,
1608 2398 1643 2451 ut
1665 2389 1871 2471 supradixi,
1906 2386 1991 2452 fides
2014 2389 2046 2452 in
2070 2388 2204 2453 invoca·

1219 2475 1310 2539 tione
1322 2475 1446 2552 nititur,
1468 2473 1693 2538 nonhumana
1714 2476 1901 2546 autoritate,
1923 2475 1985 2539 sed
2007 2475 2082 2559 ipso
2102 2475 2205 2540 verbo

1220 2559 1295 2624 Dei.
1341 2559 1453 2632 Quare
1475 2579 1618 2624 necesse
1640 2571 1706 2636 est,
1728 2580 1860 2643 semper
1883 2560 1981 2624 etiam
2003 2561 2114 2644 aliqua
2154 2581 2206 2625 er·

1220 2648 1336 2729 spicua
1359 2658 1392 2711 et
1414 2646 1509 2711 timna
1539 2646 1728 2710 testimonia
1757 2666 1797 2708 ex
1831 2646 1964 2729 seriptis
1998 2582 2153 2728 Apostol

1220 2731 1407 2817 complecti,
1431 2729 1544 2818 qualia
1566 2743 1645 2797 sunt
1666 2732 1755 2816 apud
1772 2729 1949 2797 iohannem
1971 2736 2085 2808 multa,
2120 2751 2207 2815 quae

1221 2820 1353 2904 quidem
1375 2821 1481 2906 magis
1506 2820 1604 2883 etiam
1626 2818 1804 2903 perspicua
1826 2835 1904 2882 sunt
1927 2820 2081 2882 caeteris.
2108 2817 2206 2882 Post·

1221 2927 1320 2990 quam
1352 2906 1437 2970 haec
1470 2903 1685 2970 fundamenta
1717 2906 1898 2969 constituta
1931 2915 2018 2974 sunt,
2048 2902 2206 2969 diluenda

1221 3004 1300 3059 sunt
1320 2994 1501 3078 praecipua
1524 3001 1721 3080 argumenta
1743 3011 1830 3076 quac
1853 2989 2062 3057 obiiciantur.

1583 3349 1845 3419 REFU'l'ATlO.

1307 3560 1344 3627 ln
1366 3558 1431 3626 hac
1448 3572 1545 3709 lame
1565 3560 1731 3624 hactenus
1752 3577 1895 3624 necesse
1916 3552 1978 3621 fuit
1999 3555 2065 3619 dici
2087 3556 2207 3620 dena·

1221 3662 1296 3715 tura
1318 3648 1432 3713 divina
1482 3646 1528 3709 ilii
1550 3644 1626 3709 Dei.
1670 3644 1760 3709 lnlra
1790 3646 1833 3709 de
1861 3643 2070 3708 adsumtione
2092 3640 2207 3708 huma·

1220 3756 1285 3801 nae
1303 3745 1442 3799 naturae
1463 3731 1560 3817 plura
1583 3732 1723 3796 dicenda
1746 3741 1852 3800 erunt,
1874 3731 1930 3795 ubi
1948 3727 2103 3795 fortassis
2117 3747 2207 3793 com

1221 3821 1353 3887 modius
1375 3832 1467 3886 esset
1490 3816 1617 3884 diluere
1640 3830 1848 3907 argumenta,
1878 3836 1964 3902 qnae
1986 3827 2104 3881 contra
2126 3812 2207 3880 divi·

1220 3930 1299 3973 nam
1320 3919 1473 3973 naturam
1495 3902 1567 3971 Filii
1590 3906 1806 3985 obiiciantur,
1840 3924 1883 3968 ex
1910 3904 1951 3968 iis
1975 3924 2061 3989 quae
2084 3921 2208 3968 conve·

1221 3998 1315 4059 niunt
1346 3996 1511 4061 humanae
1545 4003 1697 4072 naturae,
1732 4004 1766 4057 et
1799 3991 2014 4056 admirandae
2041 3987 2205 4066 servituti,

1222 4104 1322 4167 quam
1344 4082 1443 4147 subiit
1464 4093 1501 4145 ut
1522 4077 1617 4145 fieret
1641 4080 1784 4144 victima.
1835 4078 1902 4143 Sed
1920 4091 2032 4142 tamen
2054 4073 2110 4138 bic
2132 4075 2206 4138 bre·

1221 4171 1307 4235 viter
1340 4189 1382 4252 ea
1415 4163 1687 4251 complectemur,
1710 4177 1745 4231 ut
1766 4166 1858 4231 veris
1881 4163 2096 4240 testimoniis,
2118 4179 2206 4245 quae

1220 4257 1446 4321 iam'recitata
1467 4264 1556 4333 sunt,
1580 4252 1704 4321 Lector
1725 4263 1838 4317 teneat
1859 4249 2009 4335 proxime
2031 4247 2206 4311 adiunctas

1219 4341 1441 4409 refutationes
1464 4343 1718 4405 contrariorum.
1764 4337 1900 4422 Aliquid
1923 4336 2010 4399 enim
2035 4331 2123 4397 lucis
2147 4334 2205 4397 ad·

1218 4426 1330 4495 ferunt
1363 4427 1441 4493 huic
1474 4427 1646 4494 doctrinae
1674 4427 1716 4491 de
1744 4445 1782 4493 re
1817 4423 1964 4488 omnium
1995 4420 2139 4486 maxima
2171 4429 2206 4485 et

1219 4516 1429 4604 gravissima.

1304 4687 1416 4753 Prima
1448 4688 1594 4753 obiectio
1623 4697 1693 4765 est,
1726 4703 1814 4769 quae
1847 4681 2001 4746 onmibus
2028 4681 2062 4746 in
2085 4676 2204 4767 oculos

1218 4777 1377 4856 occurrit,
1401 4786 1435 4840 et
1455 4775 1598 4839 maxime
1619 4773 1749 4840 videtur
1769 4764 1975 4836 labefactare
2005 4766 2203 4833 sententiam
2268 4807 2270 4810 <

186 4865 342 4920 aeternas
374 4869 409 4918 et
440 4854 702 4940 omnipotentes,
735 4871 873 4917 necesse
906 4863 959 4917 est
991 4851 1167 4937 diligenter
1218 4864 1261 4929 (10
1283 4863 1453 4928 divinitate
1471 4859 1554 4925 filii.

186 4940 311 5007 erudiri
333 4952 367 5004 et
387 4942 504 5005 muniri
524 4953 652 5006 mentes
675 4939 716 5004 de
739 4959 776 5003 re
796 4950 900 5004 tanta.
945 4939 1019 5007 Nec
1041 4941 1167 5003 tantum

185 5024 352 5095 humanae
371 5028 509 5093 rationis
531 5022 740 5093 imbecillitas
773 5044 834 5111 per
866 5045 943 5091 sese
966 5027 1168 5113 cogitatione

186 5113 237 5181 rei
256 5124 385 5183 tantae.
401 5116 571 5195 turbatur,
601 5114 666 5181 sed
697 5113 796 5179 ctiam
825 5109 992 5180 Diabolus
1010 5113 1088 5179 odio
1110 5109 1168 5177 filil

341 5248 489 5296 numi.
503 5251 585 5298 OPRR.
598 5250 662 5296 VOla.
676 5251 761 5294 xxm.

1246 5074 1404 5164 Natura
1434 5075 1573 5192 divina
1602 5103 1679 5160 nee
1708 5073 1862 5188 patitur
1892 5099 1969 5156 nee
1999 5065 2179 5171 moritur,

2015 5216 2047 5272 u

2145 2646 2205 2710 icis
2271 2694 2274 2699 -
