4628 5588
180 192 248 262 Mil
537 205 543 221 ·
815 188 860 256 V.
880 185 1152 256 axentcatto
1173 188 1377 255 svnfflou
1402 186 1562 273 nicam.
2130 192 2198 261 m)

179 386 214 451 id
237 392 300 460 est,
322 379 405 468 Legi
428 377 493 444 Dei
515 380 746 465 congruentia,
768 379 846 465 quia
867 376 994 444 l‘aulus
1017 378 1166 443 nominat
1216 381 1250 444 in
1272 400 1339 464 qua
1361 379 1398 445 lit
1411 377 1599 458 ,vivificatio
1615 400 1678 464 per
1699 376 1815 444 lilium
1836 378 1913 457 Dei,
1935 382 2099 448 dicentem
2121 402 2201 449 con·

180 470 339 537 iustitium
370 468 494 544 carnis,
526 467 562 530 id
595 479 659 545 est,
687 487 787 551 quant
813 485 882 533 uon
915 466 1022 531 renati
1053 463 1167 532 lacere
1217 466 1416 531 solationem
1439 468 1472 529 in
1495 468 1597 530 corde
1628 486 1713 532 voce
1746 465 1937 553 Evangelii,
1970 480 2004 533 et
2032 468 2201 537 effunden-

180 565 333 642 possunt.
1218 564 1283 617 tent
1306 554 1465 638 Spiritum
1486 565 1654 628 sanctum,
1688 574 1756 639 quo
1777 547 1953 620 inchoatur
1976 577 2064 621 nova
2086 558 2200 622 obedi·

1217 643 1304 705 entia
1326 643 1358 706 in
1382 642 1496 718 cotvle,
1519 642 1605 706 sicut
1617 643 1777 727 scriptum
1789 653 1858 706 estt
1877 640 1976 707 Dabo
1994 642 2121 729 Legem
2133 664 2202 711 ma·

268 727 355 792 Sunt
375 736 485 790 autem
508 724 675 802 actiones,
697 743 787 809 quae
808 726 1019 789 nominantur
1040 724 1166 788 iustitia
1217 747 1271 791 ant
1292 729 1327 793 in
1350 728 1453 792 corda
1473 746 1598 792 eorum.
1848 720 1868 757 ⁰
2047 769 2056 780 .

181 816 311 890 carnis,
345 814 566 898 cogitationes
595 811 628 873 in
652 822 760 875 mente
783 811 942 889 bominis,
976 831 1166 897 quanquam

179 921 247 967 non
279 901 405 978 renati,
434 904 599 962 intuentes
620 894 748 983 Legem
771 896 852 975 Dei,
885 919 947 964 seu
970 910 1096 962 rectum
1119 900 1166 962 iu·
1303 899 1558 964 Observandum
1581 910 1780 976 est-autem,
1802 901 1936 985 quando
1958 899 2126 968 vocabula
2147 900 2197 970 lu·

181 988 300 1053 dicium
317 986 467 1051 rationis:
491 996 525 1049 et
548 984 675 1049 cientes
698 980 947 1063 locontotivam,
970 984 1003 1047 itl
1027 996 1091 1062 est,
1113 1004 1165 1048 re·
1216 987 1315 1063 stitia,
1338 986 1460 1063 iustus,
1479 985 1682 1051 iustificatus
1700 984 1854 1071 legaliter
1865 1002 2078 1073 usurpentur,
2093 1010 2197 1075 quan·
2281 989 2287 998 ’

180 1088 300 1162 gentes
322 1073 474 1137 actiones
497 1084 652 1136 externas
660 1116 672 1150 ,
689 1083 727 1134 ut
749 1085 932 1157 congruant
958 1092 1033 1135 eutn
1056 1081 1164 1135 exter·
1215 1073 1258 1137 do
1292 1074 1334 1138 de
1366 1074 1489 1137 iustitia
1512 1075 1688 1158 imputata,
1722 1075 1755 1136 itl
1778 1087 1841 1151 est,
1864 1075 1907 1138 de
1927 1073 2203 1142 reconciliatione

179 1182 224 1226 na
247 1179 330 1225 voce
352 1156 475 1243 Legis,
508 1159 581 1223 sive
604 1176 665 1223 cor
686 1170 867 1245 congruat,
901 1158 972 1223 sive
996 1179 1063 1221 non
1087 1178 1165 1221 con·
1215 1179 1276 1224 seu
1298 1161 1530 1244 acceptatione
1550 1161 1695 1246 gratuita
1717 1179 1830 1225 coram
1858 1160 1932 1227 Deo
1965 1176 2103 1248 propter
2124 1164 2195 1229 llle-

180 1258 289 1333 gruat,
312 1255 349 1312 ut
369 1247 403 1309 in
426 1241 569 1322 Achille,
592 1244 760 1328 repressio
783 1244 853 1329 irae
874 1256 928 1309 εει
950 1244 1109 1330 cogitatio
1130 1244 1164 1307 in
1215 1248 1376 1311 dictorem
1398 1247 1538 1312 dicatur.

181 1335 322 1398 cerebro
346 1332 418 1396 ens
442 1333 483 1396 de
506 1332 571 1396 ltac
588 1329 695 1415 Lege:
739 1329 816 1394 Non
844 1330 1025 1396 interficias
1049 1330 1166 1394 ducem

179 1421 356 1485 exercitus.
401 1417 494 1482 llaec
516 1418 674 1503 cogitatio
693 1419 844 1482 manibus
865 1418 1017 1504 imperat,
1040 1427 1074 1480 ut
1096 1414 1165 1504 glo·
1302 1420 1400 1504 Apud
1413 1416 1637 1503 Philosopltos
1659 1417 1781 1483 lustitia
1799 1428 1926 1485 tantum
1936 1416 2090 1507 legaliter
2101 1440 2198 1500 usur·-

180 1506 267 1571 dium
291 1504 484 1570 recondant.
529 1508 658 1569 interea
680 1514 789 1568 tamen
812 1524 873 1569 cor
894 1506 989 1569 ardet
1011 1504 1079 1583 ira,
1103 1523 1164 1566 nec
1214 1517 1329 1589 patur,
1363 1519 1396 1571 et
1423 1505 1590 1593 significat
1611 1508 1734 1570 iustitia
1754 1505 1956 1572 universalis
1978 1509 2199 1573 obedientiam

179 1593 363 1656 moderatio
385 1588 442 1655 illa
464 1590 501 1654 fit
515 1602 660 1675 propter
682 1588 821 1676 gloriam
844 1588 921 1667 Dei,
954 1611 1016 1655 nec
1039 1591 1166 1677 regitur
1215 1594 1397 1657 secuudum
1421 1613 1536 1657 omnes
1566 1592 1679 1679 leges,
1711 1584 1813 1658 iuxta*
1836 1593 1978 1660 dictum:
2011 1596 2138 1660 lustitia
2165 1594 2199 1659 iu

180 1679 350 1763 agnitione
372 1674 445 1740 Filii
467 1676 544 1754 Dei,
578 1698 643 1739 nec
665 1687 718 1741 est
740 1678 838 1743 vivus
860 1691 971 1744 motus
993 1679 1027 1742 in
1049 1678 1164 1755 corde,
1214 1699 1292 1745 sese
1316 1682 1452 1744 virtutes
1477 1681 1622 1744 continet
1644 1700 1772 1745 omnes.

179 1766 241 1832 sed
263 1783 472 1829 evanescens
496 1763 665 1848 cogitatio.
813 1762 821 1770 ’
1091 1774 1094 1779 ’
1127 1778 1134 1790 ’

1300 1850 1337 1917 ln
1360 1851 1452 1937 Lege
1474 1853 1600 1933 divina,
1633 1852 1688 1916 nbi
1722 1852 1765 1916 de
1787 1850 1914 1916 lustitia
1937 1849 2041 1939 Legis
2063 1851 2196 1932 dicitur,

266 1933 324 1998 Sic
346 1936 473 1999 erudite
495 1935 708 2020 cogitandum
731 1945 799 2014 est,
833 1936 911 2020 quid
932 1956 970 2001 re
1002 1939 1076 2020 ipsa
1098 1936 1165 1999 sint
1214 1939 1312 2003 etiam
1344 1937 1410 2003 hoo
1445 1941 1544 2003 modo
1579 1951 1759 2022 usurpatur
1780 1938 1823 2003 de
1845 1939 1973 2022 integro
1994 1939 2198 2018 obedientia,
2296 1938 2298 1943 ’

180 2023 331 2087 actiones
343 2024 510 2100 vittutum,
532 2034 567 2085 at
588 2034 755 2107 utrumque
773 2024 922 2088 actiones
935 2021 1073 2172 intelligi
1085 2042 1164 2105 pos·
1214 2026 1304 2089 utin
1327 2023 1380 2088 ltis
1404 2026 1512 2100 (lictis,
1536 2022 1673 2090 Psalmo
1711 2025 1784 2088 tet.
1827 2024 1902 2089 Non
1926 2026 2031 2089 intres
2059 2026 2091 2088 in
2113 2024 2196 2089 iudi·

182 2116 269 2183 sunt,
284 2104 421 2173 ’etiarnsi
445 2105 683 2173 Aristotelicas
706 2110 960 2196 imaginationes
984 2112 1025 2175 de
1071 2109 1165 2174 abiti·
1214 2113 1300 2175 ciunt
1327 2133 1402 2176 cum
1430 2132 1532 2177 servo
1561 2122 1637 2189 tuo,
1660 2110 1746 2184 Quia
1775 2131 1843 2176 non
1867 2112 1929 2176 erit
1949 2112 2059 2175 iustus
2083 2130 2196 2176 coram
2268 2106 2278 2119 ”

182 2195 246 2259 bus
269 2197 470 2279 sepouimus.
517 2193 667 2280 Suntque
689 2209 815 2260 mentes
839 2196 1041 2281 cogitatione
1059 2194 1163 2282 Legis
1213 2210 1247 2262 te
1270 2201 1377 2262 omnis
1399 2199 1528 2262 vivens.
1564 2198 1642 2262 ltem
1665 2197 1742 2261 lob:
1765 2196 1857 2263 Vere
1878 2200 1962 2278 seio,
1987 2217 2053 2261 non
2076 2208 2129 2262 cst
2149 2197 2198 2262 lu·

134 2358 138 2363 Ι
179 2301 360 2365 poenarum
384 2292 416 2345 et
439 2282 666 2364 exemplorum
690 2284 731 2346 atl
754 2293 845 2346 recte
867 2280 1054 2348 iaciendum
1077 2282 1164 2346 exci-
1214 2296 1288 2348 stus
1311 2285 1409 2350 ltotno
1432 2304 1547 2348 corum
1570 2283 1656 2349 lleo.
1699 2289 1827 2363 iustus,
1853 2286 1974 2363 idest,
1996 2281 2199 2350 babensin·
2285 2334 2287 2338 t

180 2368 311 2432 modae.
355 2367 465 2451 Supra
497 2381 606 2433 autent
640 2369 761 2433 dictum
795 2380 865 2449 est,
901 2383 1044 2454 quatuor
1086 2388 1164 2432 esse
1214 2384 1343 2456 tegnam
1367 2372 1600 2435 obedientiam.

181 2473 315 2531 causas,
338 2464 476 2540 propter
498 2474 581 2540 quas
605 2455 701 2520 etiarn
724 2475 791 2519 non
808 2457 914 2520 renati
937 2476 976 2521 se
988 2453 1164 2539 disciplina

178 2552 300 2626 regere
332 2543 466 2617 debent,
501 2562 640 2627 quarum
662 2541 768 2628 prima
785 2554 849 2622 est,
872 2542 1064 2625 illaudatum
1088 2539 1163 2606 Dei.
1299 2543 1463 2610 interdum
1486 2545 1584 2608 etiarn
1606 2543 1648 2607 de
1671 2543 1770 2607 bottis
1790 2544 1948 2629 operibus
1971 2542 2226 2607 iustommdb.

178 2624 346 2706 Secunda,
368 2624 411 2693 Ut
433 2629 577 2693 vitentur
597 2649 737 2714 poenae.
780 2626 905 2708 Tertia,
928 2628 969 2692 Ut
991 2626 1164 2714 aliispar·
1214 2630 1319 2707 citur,
1353 2632 1484 2694 etiamsi
1506 2650 1572 2693 non
1597 2640 1649 2694 est
1669 2631 1799 2693 tnteora
1821 2631 2022 2708 obedientia,
2046 2641 2092 2707 ut,
2115 2627 2195 2692 Feci

180 2733 307 2779 camus.
353 2712 497 2794 Quarta,
519 2710 605 2787 Quia
627 2710 803 2799 disciplina
833 2718 875 2780 sit
896 2717 1106 2801 paedagogia
1129 2715 1162 2779 in
1214 2717 1367 2780 iudicium
1401 2717 1632 2781 etiustitlam.
1689 2681 1791 2779 Solus
1825 2717 1992 2779 Osiander
2027 2711 2203 2780 transtulit·

61 2855 64 2859 .
178 2796 420 2880 Christum,
454 2803 485 2865 itl
508 2816 578 2878 est,
600 2799 686 2874 Quia
710 2814 836 2866 certum
858 2802 919 2881 sit,
941 2798 1071 2866 Deum
1094 2819 1160 2864 non
1214 2794 1332 2866 nomen
1355 2804 1398 2865 ab
1422 2801 1594 2867 effectibus
1617 2803 1660 2867 ad
1685 2820 1833 2867 causam.
1880 2799 2006 2866 lustitia
2030 2800 2194 2886 estquod

179 2884 350 2951 efficacem
373 2889 504 2961 esseio
528 2887 593 2966 his,
611 2888 666 2972 qui
684 2901 901 2970 perseverant
923 2889 955 2951 in
974 2885 1161 2951 sceleribus
1212 2886 1293 2952 facit
1325 2908 1389 2952 nos
1411 2889 1497 2952 iusta
1520 2886 1648 2964 lacere,
1672 2884 1826 2952 videlicet
1847 2886 1952 2952 Deus.
1997 2886 2091 2952 llaec
2113 2884 2195 2951 dell·

88 2998 94 3009 ·
181 2986 299 3037 contra
329 2976 580 3040 conscientiam.
626 2972 699 3038 llae
733 2995 857 3039 causae
887 2975 942 3060 pie
965 2975 1161 3060 cogitentur.
1212 2976 1293 3039 nitio
1317 2987 1408 3039 certe
1430 2998 1496 3040 non
1520 2977 1673 3062 congruit
1695 2977 1738 3039 ad
1760 2974 1975 3040 ltocdictt'tmt
1998 2970 2206 3058 imputatum

178 3056 284 3123 Simul
305 3072 414 3126 autem
439 3060 608 3126 scientium
631 3071 696 3139 est,
718 3059 876 3126 iustitiam
898 3062 1010 3126 carnis
1032 3081 1092 3125 seu
1116 3060 1162 3123 di·
1212 3074 1264 3127 est
1298 3064 1328 3125 ei
1353 3063 1402 3126 aad
1437 3063 1606 3126 iustitiam.
1651 3062 1724 3126 Nec
1746 3061 1871 3127 Paulus
1894 3060 2035 3146 loquitur
2064 3061 2105 3124 de
2127 3057 2193 3123 ltac

179 3144 364 3231 sciplinam,
382 3169 458 3221 ,seu
488 3169 591 3232 opera
614 3146 717 3213 Levis
740 3168 847 3233 nequa
874 3170 947 3214 nant
969 3170 1049 3214 esse
1071 3147 1162 3213 insti·
1197 3147 1404 3227 effectione,
1426 3150 1560 3235 quando
1581 3150 1729 3235 quaerit,
1762 3169 1805 3213 an
1827 3149 1928 3212 homo
1951 3152 1995 3211 sit
2011 3148 2120 3212 iustus
2142 3143 2194 3212 Fi·

119 3282 122 3293 .
179 3232 394 3298 damaetam
416 3232 504 3315 Deo,
528 3255 590 3299 nec
612 3235 678 3319 imp
691 3234 834 3299 etionent
850 3170 960 3321 legis
983 3256 1077 3314 esse,
1098 3255 1161 3299 nec
1213 3236 1267 3313 de,
1300 3246 1356 3301 nut
1379 3235 1470 3323 Lege
1492 3257 1553 3301 seu
1578 3237 1746 3319 operibns.
1792 3236 1861 3300 Sed
1884 3254 1960 3300 cum
1982 3252 2049 3299 non
2072 3230 2203 3296 ballea--

179 3339 314 3398 causas,
349 3342 411 3386 nec
428 3324 561 3389 ¹merita
590 3322 796 3386 remissionis
823 3336 1046 3407 peccatorum.
1091 3321 1160 3386 Sed
1212 3344 1284 3387 mus
1317 3320 1406 3386 illam
1439 3325 1660 3387 obedientlam
1692 3325 1873 3409 integram,
1907 3323 2007 3386 docet
2031 3340 2096 3384 vort
2118 3336 2196 3403 pro·

179 3407 267 3470 sicut
288 3405 401 3472 folium
425 3406 479 3472 lici
501 3408 636 3494 tegebat
657 3407 837 3472 nuditatem
852 3412 1028 3492 primorum
1042 3428 1161 3492 paren·
1211 3412 1406 3474 missionum
1428 3411 1471 3474 de
1491 3411 1730 3485 mtseticordia,
1751 3417 1838 3494 quae
1860 3407 1944 3485 lide,
1963 3400 2000 3471 ld
2022 3416 2087 3482 est,
2111 3406 2195 3470 lidu-

178 3505 259 3568 tum,
281 3494 329 3557 ita
342 3494 472 3560 'iustitia
497 3496 609 3561 carnis
632 3507 684 3558 est
694 3493 926 3580 qualecunque
938 3508 1160 3580 tegumentum
1213 3497 1265 3560 cia
1286 3496 1481 3589 blediatotis
1502 3497 1598 3559 nobis
1616 3494 1812 3580 applicatur.

176 3576 381 3644 horribilium
403 3577 577 3645 vultterttm
600 3582 633 3645 in
658 3593 783 3659 mente,
810 3579 979 3646 voluntate
1002 3595 1035 3645 et
1059 3583 1163 3645 cortic
1409 3658 1414 3669 Ι

176 3663 337 3744 hominis,
373 3680 406 3731 ot
429 3666 570 3751 pulcltra
591 3688 649 3733 res
671 3681 723 3733 est
744 3664 846 3745 soris,
870 3669 1011 3731 castitas
1034 3668 1162 3752 Scipio·
1299 3662 1451 3751 Angelus
1472 3669 1582 3731 bonus
1605 3678 1658 3731 est
1679 3667 1800 3743 iustus,
1823 3666 1901 3750 qnia
1918 3661 2195 3748 babetintegrttm

179 3752 244 3827 nis,
266 3753 326 3815 sed
349 3753 437 3818 intus
456 3766 534 3818 sunt
556 3755 778 3819 dubitationes
801 3754 842 3818 de
865 3751 940 3818 Deo
963 3765 996 3818 et
1019 3755 1060 3817 tle
1083 3774 1161 3836 pro·
1212 3752 1453 3832 obedientlam,
1487 3751 1541 3818 vel
1574 3751 1795 3837 impletionem
1814 3751 1864 3816 Le
1890 3753 1930 3830 is,
1953 3747 2009 3814 vel
2032 3751 2196 3835 integram

176 3839 334 3917 videntia,
368 3842 532 3924 ignoratio
567 3840 779 3920 blediatotis,
813 3838 963 3904 fremitus
996 3841 1162 3905 adversus
1213 3836 1475 3904 conformitatem
1497 3841 1539 3903 ati
1563 3838 1709 3919 notior,
1744 3837 1819 3921 vel,
1885 3840 1934 3902 nia
1956 3833 2052 3902 Deus
2086 3835 2198 3900 estin
2287 3881 2293 3891 -

176 3921 285 3989 Deum
314 3937 348 3989 et
375 3924 461 3990 aliae
495 3924 647 3993 ilsmmae
679 3929 874 3992 vitiosorum
908 3926 1099 4000 affectuum,
1120 3948 1161 3991 nc
1213 3944 1266 4004 eo,
1290 3926 1441 3991 alliciens
1464 3924 1550 3991 banc
1572 3927 1736 4013 integram
1758 3924 2034 3991 conformitatem·
2063 3922 2106 3987 lli
2127 3934 2207 3987 mo·-²

176 4007 271 4077 multi
293 4024 371 4076 sunt
394 4015 476 4099 typi,
498 4014 727 4080 discernentes
749 4013 957 4099 disciplinam
990 4028 1023 4079 et
1046 4014 1161 4078 iustiti-
1212 4014 1244 4078 di
1263 4011 1420 4099 loquendi
1442 4014 1527 4078 idem
1550 4013 1749 4100 significant
1836 4032 1840 4041 ·
2010 4030 2015 4045 ·
2111 4028 2114 4035 ·

176 4117 241 4176 am,
264 4099 306 4161 de
329 4119 395 4182 qua
413 4101 550 4164 diciturt
574 4097 683 4167 lustus
706 4101 773 4166 lide
795 4122 856 4167 sua
875 4101 981 4166 vivet:
1005 4101 1066 4165 sed
1089 4097 1161 4165 illu·

69 4239 71 4242 .
178 4187 259 4249 stris
283 4197 383 4272 typus
406 4198 470 4265 est,
492 4207 590 4273 quem
612 4189 765 4253 recensui
787 4190 828 4254 de
851 4185 932 4253 sotto
956 4186 1021 4252 fici.
1299 4184 1367 4250 Sed
1390 4184 1500 4251 David
1525 4198 1576 4250 est
1592 4188 1722 4265 iustus,
1754 4185 1790 4249 id
1817 4197 1889 4264 est,
1924 4192 2083 4267 acceptus
2105 4177 2205 4259 Deo,-

813 4290 823 4303 ’
1213 4292 1273 4338 seu
1294 4271 1433 4357 placens
1456 4272 1543 4351 Deo,
1566 4295 1632 4338 non
1656 4275 1734 4360 quia
1754 4271 1856 4337 ltabet
1876 4272 2046 4355 integram-
2061 4263 2195 4330 confor-

262 4357 362 4423 Nunc
384 4358 611 4424 accedendum
634 4371 687 4424 est
709 4360 752 4424 ad
775 4362 959 4426 doctrinam
983 4360 1024 4423 de
1046 4357 1162 4424 lustiti-
1185 4377 1190 4484 Ι
1212 4362 1356 4424 mitatem
1381 4379 1442 4425 seu
1464 4359 1686 4445 impletionem
1710 4358 1831 4445 Legis,
1853 4359 1914 4421 sed
1938 4356 2016 4440 quia
2037 4355 2196 4437 recipitur
2260 4418 2270 4438 ,Δ

177 4445 321 4522 catione,
345 4454 387 4508 de
410 4466 477 4530 qua
499 4443 643 4531 loquitur
655 4444 792 4524 Paulus,
814 4469 888 4513 eutn
905 4447 1026 4532 inquit:
1043 4444 1163 4510 lustiii·
1212 4466 1274 4531 per
1306 4448 1566 4512 misericordiam
1589 4448 1672 4511 Fide
1701 4459 1837 4531 propter
1859 4443 2095 4519 llledlatorem,
2130 4458 2207 4524 qua.

178 4532 243 4595 cati
267 4530 333 4595 lide
354 4552 470 4616 pacem
488 4530 662 4597 babemus.
685 4532 738 4598 Ac
759 4537 898 4618 primum
920 4535 1162 4599 constituamus
1213 4534 1290 4609 title,
1309 4536 1371 4597 etsi
1395 4555 1474 4597 vere
1497 4533 1533 4598 fit
1551 4530 1730 4599 vivificatio
1752 4552 1814 4596 seu
1835 4529 2010 4595 renovatio
2033 4547 2121 4612 quae
2142 4536 2197 4590 est

178 4615 400 4683 definitionem
423 4615 579 4684 vocabuli
601 4617 784 4704 simplicant
802 4635 836 4686 et
856 4622 1078 4708 perspicuum.
1108 4638 1112 4645 ·
1159 4669 1162 4673 -
1212 4619 1381 4685 incltoatio
1403 4641 1512 4685 novae
1535 4621 1752 4690 obedientiae,
1775 4631 1882 4682 tamen
1906 4635 2051 4700 persona
2075 4626 2127 4678 est
2148 4613 2196 4677 lu·

783 4730 786 4735 ·
1213 4719 1285 4785 sta,
1303 4706 1335 4770 itl
1359 4718 1430 4785 est,
1475 4703 1592 4771 lacens
1614 4705 1689 4770 lleo
1711 4716 1849 4789 propter
1870 4701 2106 4780 Mediatorem,
2133 4718 2195 4765 seu

264 4789 555 4858 lUSTlFlGA'l'lO
573 4803 626 4857 est
644 4794 796 4875 acceptio
816 4795 1023 4859 remissionis
1041 4813 1162 4878 pecca·
1212 4794 1371 4876 imputata
1394 4794 1424 4859 ei
1437 4728 1630 4858 blediatoris
1652 4792 1850 4863 obedientia.
1895 4787 1957 4853 Est
1979 4804 2062 4874 ergo
2085 4788 2196 4852 iustus

176 4887 297 4954 torum,
320 4892 358 4943 et·
375 4876 655 4945 reconciliationis
679 4900 845 4965 personae
867 4901 980 4947 coram
1005 4880 1098 4959 lieo,
1127 4892 1161 4945 et
1213 4900 1325 4944 coram
1349 4879 1424 4944 Deo
1446 4881 1535 4945 iuxta
1557 4876 1775 4966 Evangelium
1798 4873 2038 4961 placenslleo,
2059 4894 2121 4939 seu
2143 4894 2196 4937 rc·

177 4963 403 5047 imputationis
424 4967 580 5046 iustitiae,
603 4979 636 5032 et
659 4967 874 5031 haereditatis
894 4969 980 5032 ritae
990 4984 1160 5045 aeternae,
1213 4966 1411 5032 conciliatus
1434 4986 1495 5032 seu
1517 4977 1677 5051 acceptus
1709 4980 1845 5051 propter
1872 4963 2091 5030 lllediatorem
2115 4958 2194 5038 fidet

177 5063 314 5135 propter
347 5053 568 5119 obedientiam
601 5053 807 5133 llletliatotr's,
841 5073 929 5140 quae
950 5055 1102 5139 acceptio
1124 5052 1162 5118 lit
1236 5074 1279 5117 ua
1301 5055 1434 5141 quidem
1455 5052 1493 5118 lit
1514 5054 1694 5119 vivificatio
1716 5053 1749 5117 ln
1768 5053 1858 5119 veris
1882 5049 2072 5128 doloribus,
2101 5046 2194 5111 iuxta

177 5137 257 5218 lide,
279 5136 478 5205 consolante
496 5151 532 5205 er
552 5144 704 5229 erigente
726 5140 842 5207 corin
863 5140 954 5208 reris
975 5137 1162 5220 doloribus,
1246 5153 1350 5207 etrum
1371 5138 1482 5207 luetur
1492 5138 1575 5206 ilde
1595 5152 1659 5207 etta
1679 5140 1768 5208 vlrit.
1812 5136 1947 5207 Relatio
1968 5138 2081 5224 igitur,
2101 5131 2196 5199 vides
2242 5214 2248 5221 ,

333 5276 745 5323 ιεωετε.οηε.εοι,.ηιιι.
1989 5258 2025 5310 ²0
