4628 5588
155 190 221 300 ars
782 134 1539 290 rumnmscsrerauoanarrou
1639 122 1675 304 ι’
1731 244 1734 253 .
2097 191 2166 261 arn

162 335 167 347 ’
242 378 1032 465 suumindeuioonereorwtiorersonarum·
1046 330 1148 445 flaec'
1187 384 1262 467 nn
1293 383 1492 470 ramus
1523 374 1789 482 suasorius
1803 383 2162 489 summanus.

84 481 85 484 ’
155 487 237 532 vero
272 479 325 530 est
357 486 481 530 areana
511 477 543 530 et
564 466 713 530 miranda
733 467 896 551 sapientia
917 464 1019 552 longe
1040 475 1137 531 extra

42 571 45 576 ’
155 563 190 618 et
220 571 324 636 supra
353 556 569 636 conspectum
600 553 744 616 omnium
766 563 993 616 ereaturarum
1015 553 1135 637 posita.

155 636 267 712 Quare
289 656 430 703 necesse
452 648 506 701 est
528 639 717 702 meminisse
739 640 938 718 testimonia,
960 639 993 702 in
1016 639 1135 723 quibus
1273 637 1426 723 Sequitur
1447 633 1551 702 ultera
1571 656 1652 722 pars
1663 634 1805 703 Articuli
1815 638 1858 702 de
1867 617 2050 716 divinitate,
2073 637 2166 722 quod

41 723 46 732 ”
154 741 195 790 se
221 723 315 788 Deus
348 724 395 787 ita
428 721 597 807 patefecit,
630 735 668 805 ut
694 725 840 788 sciamus
864 743 943 788 vere
964 735 1034 788 tres
1057 744 1136 789 esse
1186 719 1340 789 videlicet
1352 736 1421 787 tres
1433 723 1499 786 sint
1511 742 1676 805 personae
1693 721 1865 804 o‘pooricrur,
1886 734 2042 788 aeternus
2053 722 2166 802 Pater,

154 829 332 899 personae,
355 830 440 896 quae
461 810 528 874 sint
551 821 659 875 tamen
682 809 853 890 o‘pcoriercr.
1063 837 1081 848 ’
1185 808 1290 873 Filius
1311 808 1408 889 λόγος,
1431 808 1487 894 qui
1508 819 1561 871 est
1581 807 1669 872 sisois
1691 810 1815 873 aeterni
1836 806 1958 887 Patris,
1979 820 2012 872 et
2023 809 2166 893 Spiritus

675 899 677 902 ’
1185 906 1358 959 sanctus..
1381 894 1444 958 liic
1476 894 1615 977 primum
1638 894 1781 959 tenenda
1803 904 1857 958 est
1877 893 2026 958 definitio
2049 913 2165 978 perso·
2230 912 2246 923 “

240 982 287 1048 Ut
314 997 425 1048 autem
453 981 538 1046 haec
570 980 721 1046 recitatio
753 976 969 1066 intelligatur,
991 998 1135 1044 necesse
1185 984 1373 1064 uae'supra
1395 980 1545 1057 recitata,
1569 999 1632 1046 nec
1655 980 1907 1044 concedendurn
1939 976 2167 1062 petulantibus

154 1081 209 1136 est
228 1070 369 1155 primurn
390 1068 536 1132 enarrari
555 1067 641 1130 haec
662 1063 826 1130 voeabula
848 1065 954 1130 οὐσίαν
975 1075 1009 1130 et
1018 1085 1134 1148 perso·
1185 1065 1339 1151 ingeniis,
1372 1076 1409 1131 ut
1445 1065 1646 1151 praestiguis
1684 1063 1931 1130 cavillationum
1953 1078 2167 1151 corrumpant

154 1176 241 1221 uam.
275 1153 365 1218 orista
386 1163 440 1217 est
461 1154 608 1217 essentia
651 1171 715 1216 uae
737 1171 817 1216 vere
834 1144 898 1230 est',
932 1171 999 1215 non
1023 1164 1058 1216 ut
1078 1171 1133 1215 ac·
1185 1151 1381 1228 doctrinam,
1403 1170 1503 1234 quam
1523 1148 1617 1215 Deus
1635 1152 1708 1234 ipse
1730 1151 1773 1216 de
1794 1170 1872 1215 sese
1889 1149 2057 1236 patefecit.

37 1279 40 1319 3
156 1241 270 1306 cidens
291 1241 324 1303 in
347 1236 414 1303 alio
436 1239 590 1302 haerens.
661 1257 786 1302 ersona
806 1257 888 1302 vero
910 1250 963 1302 est
980 1238 1133 1301 substan·

154 1326 211 1405 tin,
232 1325 412 1401 individua,
433 1320 636 1409 intelligens,
669 1319 995 1389 incommunicabilis.
1039 1321 1132 1386 initio
1271 1319 1419 1394 Quaerat
1440 1305 1550 1385 autem
1571 1317 1702 1406 aliquis,
1724 1340 1827 1406 quare
1844 1335 1914 1386 tres
1931 1341 2097 1406 personas
2119 1323 2166 1386 di·

154 1421 264 1477 autem
287 1409 418 1474 Graeca
440 1407 594 1474 Ecclesia
625 1408 806 1473 nominavit
827 1406 1011 1484 ὖπὸσιασιν,
1045 1407 1133 1492 quod
1186 1407 1345 1484 vinitatis,
1367 1416 1402 1470 et
1421 1425 1489 1470 uon
1511 1403 1626 1490 plures
1649 1418 1706 1470 aut
1726 1408 1904 1490 pauciores
1928 1426 2004 1471 esse
2026 1409 2167 1474 adsere·

153 1494 265 1562 Latini
311 1514 465 1560 ersonam
488 1494 652 1572 dixerunt,
684 1506 805 1579 postea
827 1496 936 1574 etiam,
965 1514 1007 1559 ne
1029 1514 1049 1556 a
1071 1491 1134 1558 La·
1185 1491 1321 1556 ramosi
1365 1489 1428 1556 llic
1449 1492 1716 1574 respondendum
1739 1502 1808 1570 est,
1840 1495 1918 1578 quia
1935 1491 2029 1577 Deus
2054 1495 2106 1559 sio
2126 1513 2167 1565 se

154 1582 232 1647 tinis
266 1582 443 1646 dissentire
476 1581 687 1658 viderentur,
716 1575 926 1664 adpellarunt
957 1577 1133 1663 πρόσωπον,
1184 1574 1354 1662 patefecit,
1372 1577 1424 1641 cui
1446 1597 1589 1642 neeesse
1610 1591 1663 1642 est
1680 1578 1849 1642 adsentiri.

155 1667 282 1731 etiamsi
313 1666 380 1731 hoc
413 1686 534 1731 nomen
557 1665 697 1731 Graecis
730 1663 820 1731 aliud
842 1667 875 1730 in
897 1666 1001 1731 veteri
1021 1661 1135 1750 lingua

154 1752 332 1840 significat.
1271 1747 1511 1813 Describamus
1554 1749 1653 1833 igitur
1685 1768 1868 1834 personas,
1912 1759 1946 1813 et
1977 1750 2168 1814 testimonia

1186 1846 1279 1898 certa
1301 1831 1512 1920 colligamus,
1534 1836 1624 1898 utin
1646 1835 1858 1899 invocatione
1871 1831 1982 1899 Deum
2003 1847 2096 1900 recte
2118 1832 2167 1900 al·

239 1922 336 1987 Nunc
368 1924 468 2009 igitur·
502 1922 546 1986 ad
568 1919 719 2007 Symboli
742 1923 925 1986 doctrinam
947 1922 1067 2001 redeo,
1101 1933 1134 1986 et
1184 1917 1371 2005 loquamur.
1417 1916 1517 1983 Pater
1538 1931 1705 1997 aeternus,
1729 1932 1781 1984 est
1803 1940 1951 2005 persona
1966 1920 2089 1998 divina,
2111 1940 2167 1986 ae·

154 2007 245 2073 bunc
271 2009 413 2093 primum
442 2004 618 2072 articulum
647 2009 762 2071 recito.
806 2005 881 2069 Una
904 2020 955 2070 est
976 2007 1133 2072 Essentia
1185 2017 1295 2082 terna,
1318 2016 1475 2070 nonnata
1496 2003 1641 2085 aliunde,
1662 2006 1723 2071 sed
1747 2007 1949 2092 cogitatione
1960 2007 2012 2071 sui
2023 2007 2168 2093 gignens

153 2095 276 2172 divina,
300 2104 449 2168 aeterna,
467 2092 568 2156 Pater
589 2102 755 2170 aeternus,
777 2086 880 2154 Filius
897 2092 983 2173 λόγος
1004 2094 1060 2177 qui
1083 2102 1135 2155 est
1184 2093 1228 2154 ab
1250 2101 1388 2154 aeterno
1400 2086 1519 2154 Filium
1537 2102 1762 2168 coaeternum,
1783 2093 1961 2177 imaginem
1982 2111 2087 2157 suam.
2114 2091 2168 2171 Ac

153 2181 265 2265 imago
286 2178 412 2243 aeterni
434 2178 556 2256 Patris,
578 2187 612 2241 et
628 2178 768 2262 Spiritus
793 2188 941 2247 sanetus,
987 2178 1040 2241 Ac
1062 2175 1133 2241 dili·
1184 2175 1358 2240 manifeste
1387 2176 1544 2240 discernit
1576 2196 1614 2240 se
1636 2177 1736 2241 Pater
1757 2198 1778 2241 a
1799 2174 1883 2241 Filio
1915 2179 1950 2242 in
1983 2176 2047 2241 hac
2069 2197 2167 2258 voce,

154 2277 273 2351 genter
295 2263 559 2328 considerandae
581 2274 658 2326 sunt
681 2261 746 2326 irae
757 2259 908 2347 regulae:
931 2262 1069 2335 Quoties
1087 2264 1134 2326 di·
1185 2281 1261 2325 cum
1282 2261 1381 2326 dixitz
1410 2260 1475 2325 Hic
1498 2274 1549 2326 est
1573 2260 1676 2327 Filius
1698 2281 1792 2327 meus
1814 2260 1966 2341 dilectus,
1986 2283 2054 2347 quo
2078 2261 2167 2329 dele-

154 2351 275 2416 vinitas
285 2350 373 2413 iutra
389 2367 468 2412 sese
479 2348 688 2427 describitur,
711 2348 943 2412 discernuntur
958 2368 1132 2433 personae.
1186 2358 1268 2412 ctor.
1313 2346 1406 2411 llaec
1438 2349 1544 2411 verba
1563 2350 1741 2432 perspicue
1763 2346 1895 2414 Patrem
1918 2359 1951 2414 et
1972 2347 2090 2426 Filium
2119 2351 2167 2414 di·

154 2434 225 2500 Sed
247 2455 323 2499 cum
345 2435 523 2518 opponitur
544 2435 725 2510 creaturis,
758 2435 880 2497 mentio
903 2432 939 2498 fit
960 2435 1059 2498 unius
1079 2454 1134 2498 ae·
1185 2446 1356 2512 scernunt,
1379 2451 1465 2516 quae
1487 2433 1618 2516 quidem
1639 2452 1741 2517 saepe
1764 2435 1942 2520 cogitanda
1963 2446 2054 2512 sunt,
2076 2428 2109 2499 et
2130 2449 2168 2502 ut

27 2584 31 2591 .
111 2583 113 2586 r
155 2531 272 2587 ternae
294 2518 481 2586 Essentiae.
531 2517 649 2584 Altera
681 2517 800 2604 regula
832 2531 901 2597 est,
935 2518 1068 2585 Creatio
1101 2533 1135 2583 et
1186 2538 1249 2583 nos
1271 2517 1467 2583 confirment
1489 2519 1531 2581 de
1552 2519 1618 2583 hoc
1641 2516 1797 2599 articulo,
1820 2532 1853 2583 et
1877 2532 1914 2584 ut
1934 2539 1998 2585 nos
2020 2540 2167 2585 commo·

153 2602 220 2673 alia
241 2626 344 2691 opera
367 2606 478 2671 divina
500 2615 593 2687 extra
611 2605 825 2683 divinitatem,
848 2614 927 2670 sunt
949 2606 1135 2672 communia
1183 2600 1355 2670 nefaciant
1381 2605 1424 2668 de
1444 2606 1570 2688 ingenti
1591 2626 1705 2670 amore
1726 2606 1851 2670 aeterni
1871 2603 1986 2672 Patris
2008 2625 2090 2692 erga
2112 2628 2168 2671 su·

151 2712 260 2778 opera
280 2693 378 2758 trium
399 2710 629 2776 personarum.
1184 2711 1240 2755 um
1263 2687 1389 2755 Filium.
1432 2688 1557 2774 Magna
1579 2691 1665 2755 enim
1690 2691 1741 2756 v‘n
1763 2702 1817 2756 est
1837 2688 1955 2756 horum
1976 2693 2165 2759 verborum.

442 2779 451 2797 '
913 2792 922 2802 ·
1185 2773 1345 2842 Delector
1361 2774 1428 2839 hoc
1450 2773 1543 2840 Frlio.
1588 2772 1690 2860 Diligi
1713 2796 1734 2841 a
1756 2797 1796 2841 se
1817 2774 1905 2842 huuc
1927 2773 2044 2842 Filium
2066 2777 2167 2843 adfir-

241 2861 325 2929 Cum
346 2875 456 2928 autem
480 2863 521 2926 de
543 2862 695 2927 omnibus
705 2858 855 2927 articulis
877 2859 990 2948 aliqua
1011 2863 1135 2948 perspi·
1184 2873 1265 2941 mat,
1298 2872 1331 2926 et
1354 2881 1393 2925 se
1415 2881 1456 2926 eo
1477 2860 1615 2940 laetari,
1647 2863 1735 2926 etin
1758 2883 1798 2927 eo
1821 2864 2049 2947 acquiescere.
2093 2862 2168 2930 ttoo

137 2932 220 3013 ²oua
252 2950 442 3013 testimonia
463 2967 596 3031 semper
617 2949 804 3019 meminisse
826 2968 970 3014 necesse
992 2951 1047 3027 sit,
1077 2948 1135 3013 ad·
1185 2954 1295 3012 autern
1316 2947 1392 3011 ideo
1415 2949 1601 3032 praedicat,
1623 2958 1661 3011 ut
1683 2968 1756 3012 cum
1779 2949 1946 3027 docuerit,
1979 2946 2168 3015 Ecclesiam
2264 2972 2274 2980 ·

155 3033 231 3120 dam
253 3033 308 3099 hie
330 3048 431 3098 unum
454 3046 553 3137 atque
575 3031 716 3098 alterum
734 3035 974 3113 testimonium,
1007 3035 1049 3099 de
1070 3033 1135 3097 hoc
1183 3044 1323 3116 propter
1343 3031 1433 3097 hunc
1455 3030 1571 3099 Filium
1594 3034 1708 3117 recipi,
1729 3032 1812 3100 fides
1834 3032 1893 3099 liat
1913 3035 2093 3113 ardentior,
2110 3055 2167 3099 co·

153 3120 259 3205 primo
283 3117 442 3196 articulo,
471 3114 642 3197 videlicet,
675 3119 717 3183 de
747 3120 871 3185 unitate
892 3118 1066 3184 Essentiae
1088 3120 1134 3183 di·
1211 3120 1298 3183 ‘tans
1326 3138 1407 3182 vero
1436 3131 1469 3184 et
1496 3119 1621 3205 ingenti
1648 3139 1763 3184 amore
1790 3140 1854 3186 nos
1877 3139 2011 3206 quoque
2032 3118 2124 3206 diligi
2146 3142 2168 3186 a

153 3205 264 3270 vinae.
611 3228 619 3243 ·
1137 3251 1139 3255 ν
1185 3139 1274 3281 Bao,
1297 3207 1376 3289 quia
1396 3200 1468 3268 Filii
1491 3204 1683 3270 haereditas
1715 3225 1849 3285 sumus,
1882 3217 1915 3272 et
1931 3216 2069 3292 propter
2091 3228 2168 3273 eum

135 3292 138 3297 ’
285 3310 292 3317 ·
1186 3291 1373 3376 recipimur,
1394 3301 1427 3357 et
1449 3311 1524 3356 eum
1546 3293 1697 3357 audimus
1719 3302 1754 3356 et
1775 3290 1998 3358 celebramus.

240 3372 341 3437 Deut.
363 3374 395 3438 6.
439 3374 526 3439 Audi
548 3372 672 3452 lsrael,
704 3372 870 3441 Dominus
890 3372 986 3440 Deus
1007 3386 1135 3453 noster,

153 3457 318 3527 Dominus
339 3479 427 3524 unus
449 3471 512 3524 est.
555 3459 630 3524 Hoc
652 3462 774 3526 dictum
795 3462 837 3526 de
860 3462 1007 3528 essentia
1028 3459 1135 3547 loqui·
1271 3459 1356 3525 Sunt
1377 3472 1487 3526 autem
1509 3464 1624 3527 eadem
1646 3462 1751 3527 verba
1772 3463 1815 3526 de
1837 3460 1934 3541 Filio,
1955 3482 2043 3548 quae
2062 3464 2167 3528 edidit

153 3553 218 3623 tur,
252 3556 286 3610 et
316 3543 512 3611 excludite
540 3546 710 3611 divinitate
743 3567 862 3612 omnes
885 3560 1069 3627 creaturas,
1101 3557 1135 3613 et
1185 3547 1340 3613 Peterin
1362 3546 1533 3632 Baptismo
1554 3547 1639 3625 Filii,
1662 3548 1750 3632 apud
1771 3546 1904 3613 Esaiam
1928 3569 2003 3633 cap.
2025 3549 2079 3614 ta.
2101 3547 2166 3615 Eo·

153 3631 264 3694 onmia
308 3651 372 3696 uae
393 3651 461 3697 non
483 3643 560 3696 sunt
582 3632 637 3696 hie
660 3628 773 3710 Deus,
801 3631 991 3718 patefactus
1012 3635 1045 3697 in
1066 3631 1134 3699 hoc
1185 3653 1224 3698 ce
1257 3652 1379 3698 servus
1411 3654 1515 3713 meus,
1548 3635 1745 3700 sustentabo
1778 3652 1864 3714 eum,
1898 3631 2026 3701 electus
2059 3654 2165 3714 meus,

152 3652 411 3880 pppulolsrael.
455 3717 531 3781 Non
554 3719 640 3783 enim
662 3719 770 3783 otiose
791 3720 901 3803 posita
918 3732 971 3784 est
991 3719 1135 3805 particu-
1185 3739 1252 3805 quo
1266 3716 1462 3785 'delectatur
1483 3719 1593 3784 anima
1609 3740 1695 3785 mea.
1776 3726 1790 3753 ⁰

217 3799 356 3882 lelrova,
390 3803 452 3867 sed
474 3800 632 3868 discernit
653 3803 742 3870 hunc
764 3800 874 3869 Deum
894 3807 927 3870 in
951 3801 1054 3869 lsrael
1120 3840 1134 3854 ·

154 3883 326 3966 lebetum,
349 3890 392 3953 ab
415 3886 556 3953 aliarum
578 3888 727 4037 pontium
748 3891 1135 3969 commenticiisnumrni·
1269 3887 1415 3955 Difficile
1447 3901 1500 3955 est
1531 3889 1655 3954 lromini
1687 3857 1837 3956 statuere
1871 3893 1914 3957 de
1945 3891 2166 3977 providentia,

152 3975 231 4049 bus,
254 3974 349 4058 quasi
367 3973 468 4052 dicat,
489 3972 553 4039 llic
596 3975 705 4041 ehova
726 3972 912 4058 patefactus
933 3977 966 4041 in
988 3973 1054 4042 boe
1076 3998 1134 4062 po·
1184 3996 1285 4042 curae
1306 3996 1384 4042 esse
1399 3975 1480 4041 'Deo
1501 3974 1671 4054 homines,
1698 3977 1759 4040 sed
1782 3974 1849 4042 boc
1870 3976 1974 4044 multo
1996 3973 2166 4044 difficilius
2198 4020 2205 4029 -

153 4055 233 4208 ppulo
246 4056 361 4131 lsrael.
384 4071 417 4124 et
435 4080 503 4124 uon
525 4056 594 4138 alii,
618 4081 703 4145 quos
715 4059 904 4146 finguutAe
975 4063 1023 4143 tii,
1034 4060 1133 4128 Chal·
1183 4072 1247 4141 est,
1268 4072 1428 4141 statuere,
1448 4081 1513 4126 nos
1535 4081 1615 4126 vere
1636 4058 1746 4147 diligi,
1760 4063 1849 4129 sicut
1869 4067 1944 4149 pius
1965 4075 2062 4149 pater
2085 4082 2166 4130 vero

198 4144 240 4222 ei,
264 4156 297 4207 et
314 4142 381 4207 alii.
426 4143 475 4208 lta
496 4157 620 4224 monet,
641 4156 678 4210 ut
695 4167 894 4231 quaeramus
951 4169 1043 4228 eum,
1076 4150 1132 4234 qui
1182 4168 1296 4213 amore
1329 4166 1411 4232 erga
1441 4145 1569 4212 liberos
1591 4168 1674 4222 suos
1696 4148 1860 4214 adficitur.
1906 4149 2073 4214 id·autem
2095 4161 2165 4216 sta·
2254 4214 2257 4218 ,

154 4244 195 4293 se
209 4225 371 4312 patefecit
392 4231 426 4293 iu
444 4251 526 4296 vera
546 4229 712 4297 Ecclesia.
1181 4244 1276 4305 tuere
1304 4233 1495 4312 discamus,
1526 4231 1593 4299 lrac
1624 4231 1818 4300 dulcissima
1849 4255 1936 4302 voce
1968 4234 2165 4316 confirmati,

417 4349 419 4353 ⁴
1183 4339 1258 4385 cum
1280 4317 1510 4404 inquitPater:
1532 4318 1595 4383 llic
1616 4331 1670 4383 est
1680 4318 1707 4382 F
1709 4316 1785 4385 ilius
1807 4340 1901 4385 meus
1923 4320 2079 4399 dilectus,
2096 4341 2165 4406 quo

239 4396 340 4485 Dent.
363 4399 417 4465 32.
440 4399 571 4481 Videte,
593 4403 684 4488 quod
706 4421 771 4490 ego
792 4405 856 4468 sim
877 4401 985 4484 solus,
1007 4416 1042 4497 et
1064 4424 1133 4469 non
1183 4403 1342 4471 delector.
1386 4403 1464 4470 ldeo
1487 4404 1573 4469 euim
1595 4405 1761 4490 impressit
1779 4405 1875 4472 Deras
1898 4406 2023 4493 ποργάς
2037 4418 2166 4491 parea·
2268 4464 2272 4475 .

34 4552 36 4557 ,
154 4496 208 4550 est
230 4483 316 4550 alius
339 4482 435 4552 Deus
453 4501 586 4573 praeter
608 4509 671 4555 me·
1181 4492 1283 4569 tibus,
1305 4503 1342 4556 ut
1363 4491 1428 4555 sint
1445 4488 1783 4557 commonefactiones
1805 4492 1848 4558 de
1868 4513 1984 4558 amore
2001 4491 2077 4570 Dei,
2099 4493 2165 4578 pri·

1182 4599 1270 4643 mum
1303 4575 1536 4663 ergs‘lilium,
1569 4578 1690 4643 deinde
1721 4597 1806 4664 erga
1838 4598 1945 4664 genus
1973 4580 2165 4658 humanum,

239 4653 363 4720 Extant
383 4659 510 4741 passim
532 4661 565 4723 in
587 4657 764 4745 Prophetis
779 4652 883 4745 multa
905 4659 1025 4725 similia
1040 4662 1133 4727 teeti·
1182 4664 1273 4748 quod
1296 4662 1443 4728 condidit
1463 4674 1602 4749 propter
1621 4661 1749 4729 Filium.
1793 4661 1878 4729 Cum
1906 4665 2006 4751 igitur
2027 4662 2165 4731 manife-

153 4741 275 4819 monia,
308 4761 395 4826 quae
425 4747 567 4829 prodest
586 4747 775 4811 meminisse
802 4758 837 4811 et
857 4765 962 4831 saepe
983 4749 1133 4834 cogitare
1183 4760 1237 4814 ste
1270 4747 1421 4814 adfirmet
1440 4768 1521 4815 vere
1541 4770 1562 4813 a
1584 4768 1623 4813 se
1643 4748 1736 4836 diligi
1756 4746 1891 4830 Filium,
1924 4761 1959 4815 et
1978 4771 2047 4816 non
2060 4751 2164 4817 dubi·

152 4836 190 4892 ut
211 4827 296 4891 berre
317 4827 555 4898 confirmentur
575 4843 703 4896 mentes
725 4841 842 4897 eontra
859 4830 1030 4898 Ethuicos
1043 4831 1133 4898 furo·
1182 4834 1317 4898 tandum
1339 4835 1384 4898 sit
1404 4854 1551 4901 amorem
1571 4835 1662 4900 hunc
1683 4856 1810 4914 rerum,
1833 4837 2017 4912 ardentem,
2039 4846 2076 4903 et
2093 4856 2164 4903 uou

153 4930 229 4990 res,
264 4923 299 4976 et
331 4926 451 4979 contre
472 4913 724 4982 Valentinianos
753 4928 786 4982 et
806 4916 1043 4999 Manichacus,
1075 4920 1133 5004 qui
1182 4916 1336 5005 frigidam
1368 4921 1602 5005 cogitationem
1624 4940 1714 5000 esse,
1741 4933 1788 4986 ut‘
1800 4921 1908 4987 Stoici
1929 4925 1972 4987 im
2019 4922 2164 5001 inantur,

152 4995 357 5064 horribiliter
386 4998 578 5067 lacerarunt
598 5023 711 5069 veram
737 5005 922 5070 doctrinam
943 5005 988 5070 de
1007 5005 1133 5071 unitate
1183 5016 1367 5070 statuamus
1388 5026 1452 5070 nos
1474 5025 1609 5093 quoque
1629 5025 1710 5072 rere
1730 5019 1764 5071 et
1781 5009 1939 5074 ardenter
1959 5010 1992 5073 di
2006 5009 2063 5094 igi,
2087 5029 2164 5075 euru

152 5082 286 5150 divinae
307 5085 494 5151 Esseutiw
1131 5106 1135 5113 ·
1182 5088 1301 5156 Filium
1323 5093 1540 5179 agnoscimus
1560 5104 1595 5160 et
1615 5088 1837 5161 celebramus.
1882 5093 1979 5162 llaec
1987 5095 2164 5162 naiasin
2261 5105 2268 5114 '
