4628 5588
570 185 629 252 Vl.
658 183 721 253 DE
741 183 960 259 cocceam
975 184 1040 257 ET-
1056 184 1430 301 cancromata
1450 186 1590 259 vatici
1611 186 1698 255 DEI.

124 188 208 267 ,ffll

122 354 223 459 ¹turri,
245 381 301 485 qai
322 380 369 445 ihi
390 378 464 451 lieri
485 374 583 483 palat.
605 375 680 469 Etsi
700 373 952 465 igiturohlatio
970 392 1040 445 non
1060 398 1131 465 uno,¹
1267 378 1399 447 Deinde
1432 379 1608 447 dicendum
1630 392 1702 458 cst,
1733 378 1927 466 Scriptores
1954 380 2012 469 qni
2042 390 2170 462 extant,

139 468 240 533 modo
257 462 428 533 intellecta
447 461 527 544 iun,
549 475 658 531 tamon
678 478 801 550 postea
823 486 944 532 nomen
964 467 1131 535 detortum
1182 485 1286 551 saepe
1307 464 1343 531 la
1366 484 1426 531 sos
1448 486 1543 546 esse,
1577 477 1612 532 et
1637 463 1795 533 fortassis
1817 465 1950 555 aliquos
1972 469 2172 554 nequidem

140 565 195 620 est
216 554 260 705 ap
282 549 485 620 oblationem
507 552 673 637 corporis,
695 552 786 619 unde
807 553 915 621 secuti
926 563 1005 618 sunt
1016 553 1130 638 ingen·
1181 553 1330 619 membra
1381 550 1528 619 eclesiae
1545 572 1634 619 asse.

139 652 232 707 tesa
256 659 351 706 usus.

225 809 412 900 Dionysius
434 810 468 875 in
490 829 531 877 eo
554 807 653 889 libro,
671 810 728 892 qui
750 812 900 877 continet
922 808 1128 877 ceremonias
1181 864 1189 881 .

138 896 334 979 Ecclesiae,
368 916 443 963 cum
463 897 561 963 ritum
583 895 730 983 Synaxis
752 896 928 984 diligenter
950 898 1128 980 describat,

139 997 251 1051 tamen
272 1003 414 1070 prorsus
427 981 563 1095 ‘npllarp
583 979 664 1049 facit
686 986 885 1050 mentionem
904 986 946 1051 de
958 981 1129 1050 oblatione

139 1067 853 1241 ticihl?¹”¹tc¹tltt⁰iithiiill
875 1067 1128 1224 blihildis

138 1246 228 1312 mini.
250 1244 345 1311 llaec
356 1252 482 1309 mutum
493 1243 616 1322 addidi,
639 1256 673 1309 ut
695 1246 906 1311 ostenderem
927 1255 1059 1310 veteres
1079 1243 1128 1308 in·

137 1333 267 1397 tardum
287 1340 457 1397 mutuatos
470 1349 558 1395 esse
581 1348 755 1396 sermones
778 1331 1010 1397 incommodos
1031 1350 1053 1394 a
1069 1350 1128 1416 po-

138 1414 230 1504 pulo,
251 1427 288 1493 ιιι
309 1414 381 1483 fieri
403 1412 492 1481 solet
513 1418 667 1483 omnibus
689 1416 866 1483 aetatibus.

198 1610 201 1615 ·
223 1589 393 1659 interdum
421 1589 598 1655 vincuntur
619 1589 749 1655 iudiciis
771 1600 812 1657 >et
827 1587 995 1676 'exemplis
1018 1588 1125 1655 multi·

138 1677 275 1757 tudinis,
289 1695 385 1825 ‚puae
405 1695 474 1741 non
495 1686 549 1741 est
571 1676 639 1760 pia,
660 1687 697 1743 ut
719 1674 894 1743 trahantur
915 1679 949 1743 in
966 1676 1126 1763 supersti-

137 1765 246 1829 tiones
278 1764 391 1847 aiqua
417 1760 563 1827 humana
595 1762 847 1847 imaginatione,
869 1765 963 1831 ut-in
986 1764 1126 1851 Synodo

137 1850 275 1929 Nicena,
296 1849 362 1913 nisi
384 1846 531 1915 unusPa
555 1846 690 1914 hnutius
712 1847 1050 1929 obstitissetluisset
1066 1870 1124 1935 ap-

139 1938 281 2019 probata
314 1936 478 1999 sententia
510 1870 662 2008 illorum,
694 1936 750 2020 qui
772 1933 931 2002 volebant
953 1938 1125 2002 decretum

138 2022 223 2102 lieri,
255 2032 291 2086 nt
324 2022 520 2086 sacerdotes
554 2020 760 2088 abstinerent
790 2041 811 2086 a
843 2023 915 2087 suis
947 2023 1123 2088 uxoribus.

139 2106 197 2172 Sic
214 2106 416 2194 cyprianum
438 2119 472 2172 et
493 2103 616 2172 multos
638 2103 724 2172 alios
746 2108 825 2173 vicit
849 2109 1067 2189 consuetudo,
1088 2121 1124 2174 ut

138 2196 318 2280 probarent
337 2192 592 2278 prohibitionem
615 2195 771 2280 coniugii.
972 2214 975 2221 ·

225 2366 318 2446 Item,
339 2376 410 2431 tota
431 2365 587 2452 synodus
604 2366 733 2431 Nicena
755 2386 924 2433 consensu
945 2364 1124 2437 multitudi-

122 2455 192 2527 ,nis
212 2466 270 2519 aut
298 2453 459 2538 temporis
482 2453 587 2532 victu,
621 2455 819 2539 approbavit
841 2474 990 2520 canones
1010 2454 1124 2540 poeni·

137 2541 271 2620 tentiae,
293 2540 351 2627 qni
372 2549 493 2625 postea
553 2551 712 2625 pererrant
732 2558 800 2605 non
821 2537 1015 2609 tolerandos
1034 2560 1125 2607 erro·

136 2644 203 2692 res.
248 2626 373 2711 blagna
395 2646 513 2711 exemp
528 2648 549 2691 a
570 2628 667 2691 etiam
690 2626 765 2709 pios
786 2646 890 2712 saepo
911 2624 1042 2707 fallunt,
1060 2627 1125 2693 sic·

136 2724 172 2778 ut
192 2714 330 2778 Antonii
352 2709 538 2797 exemplum
560 2710 671 2777 multis
694 2711 808 2777 offudit
831 2712 1016 2798 caliginem.
1050 2712 1124 2779 'Ha-

136 2810 255 2875 ctenus
278 2799 345 2864 dixi
368 2800 411 2864 de
432 2800 507 2901 piis,
530 2799 586 2883 qui
608 2799 736 2863 etiamsi
758 2809 836 2863 sunt
857 2800 985 2876 sancti,
1013 2811 1123 2864 tamen

84 2906 94 2917 ·
136 2884 267 2971 plorimi
289 2893 368 2951 suut
390 2886 520 2950 inhrmi.
564 2885 695 2949 Addam
716 2904 805 2950 nnnc
828 2886 869 2950 de
892 2881 1009 2968 lapsis.

222 3057 390 3123 lnterdum
412 3057 456 3142 pii
478 3077 618 3141 prorsus
641 3053 807 3135 labuntur,
829 3070 861 3121 et
879 3058 1029 3123 amittunt
1051 3057 1125 3142 Spi-

137 3144 235 3209 ritum
257 3154 421 3223 sanctum,
444 3142 723 3229 sicutOrigenem
746 3144 866 3208 iudicio
902 3164 1020 3209 rorsus
1042 3141 1124 3211 iuis·

138 3249 176 3296 sc
197 3227 350 3316 lapsum,¹
375 3228 573 3323 praesertim
606 3231 636 3295 si
657 3224 835 3295 affirmabit
855 3166 932 3319 illos
954 3230 1124 3318 prodigio·

137 3336 199 3382 sos
231 3336 389 3396 errores,
423 3317 522 3392 Quod
554 3312 676 3381 luerint
705 3314 966 3382 innumerabiles
998 3319 1122 3397 mundi,

139 3402 237 3476 Quod
261 3401 395 3468 Diaboli
417 3415 588 3489 postremo
621 3404 689 3466 sint
710 3399 887 3488 salvandi„
897 3400 1124 3470 Tertullianus

138 3491 237 3555 etiam
259 3491 358 3574 impie
379 3489 512 3556 damnat
533 3489 702 3555 secundas
718 3486 865 3572 nuptias,
888 3486 1044 3555 fortassis
1066 3512 1124 3557 au·

137 3580 212 3641 tern'
226 3578 448 3661 resipuerunt.
494 3573 591 3642 Multi
613 3576 698 3641 enim
722 3595 803 3639 vere
824 3574 911 3660 lapsi
944 3577 977 3641 in
998 3578 1069 3642 vita
1088 3588 1125 3642 et

139 3663 301 3742 doctrina,
332 3675 442 3729 tamen
464 3663 675 3749 resipiscunt.
720 3660 764 3727 Ει
785 3663 982 3746 saepissime
999 3662 1055 3743 lit,
1088 3674 1125 3729 nt

139 3753 247 3814 sancti
267 3770 348 3815 cere
369 3748 541 3828 labantur,
560 3771 623 3815 nec
645 3750 790 3815 iudicent
810 3749 901 3819 iuxta
918 3750 1068 3827 verbnm,
1090 3761 1125 3815 et

137 3835 342 3920 spiritualem
365 3834 487 3916 lucem,
508 3837 570 3901 sed
592 3837 799 3921 decipiantur
815 3836 1051 3922 imaginatione
1072 3858 1125 3903 ra·

138 3923 250 4001 tioniS,
282 3923 338 4007 qui
371 3935 482 3987 tamen
515 3924 635 3987 deinde
669 3924 880 4007 resipiscunt.
932 3922 1026 3988 Sicut
1060 3922 1124 3988 Ge·

139 4008 224 4158 depo
247 4028 387 4094 prorsus
408 4007 525 4095 lapsus
547 4020 608 4089 est,
625 4008 769 4077 humano
792 4009 930 4075 consilio
947 4010 1125 4076 instituens

139 4114 181 4159 cu
195 4108 273 4160 ium·
646 4110 650 4119 '

224 4264 277 4330 Ex
298 4264 350 4331 his
373 4267 527 4333 omnibus
542 4267 701 4353 ,sequitur
721 4263 914 4353 conclusio:
946 4265 1021 4335 Etsi
1035 4289 1125 4342 ¹vera

1267 689 1380 756 Tertio
1412 690 1599 757 addendum
1632 702 1685 758 est
1711 688 1803 758 aliud
1824 688 2032 773 discrimen,
2053 694 2089 758 in
2110 688 2169 759 illo

1182 787 1296 856 coetu,
1329 780 1385 863 qui
1404 788 1545 842 vocatur
1565 777 1740 857 Ecclesia,
1773 788 1826 844 est
1853 782 1971 865 ingens
1994 774 2171 847 multitudo

1180 864 1365 967 rmpiorum,
1388 883 1528 949 quorum
1549 863 1701 953 plerique
1720 867 1925 931 antecedunt
1943 877 2099 931 caeteros
2110 870 2170 931 au·

1180 959 1326 1029 toritate,
1343 951 1457 1034 specie
1469 946 1527 1014 reli
1553 952 1651 1031 ionis,
1675 951 1829 1036 opinione
1847 953 2030 1033 doctrinae,
2043 946 2170 1025 Quales

1179 1034 1313 1101 fuerunt
1335 1037 1369 1102 in
1390 1033 1515 1122 populo
1530 972 1636 1116 luda,
1665 1050 1815 1123 tempore
1835 1038 2034 1118 Hieremiae,
2055 1038 2168 1105 Ponti·

1180 1120 1262 1187 fices
1285 1135 1319 1188 et
1341 1125 1538 1189 sacerdotes
1560 1125 1660 1210 impii,
1691 1126 1747 1211 qui
1769 1135 1802 1191 et
1823 1125 1887 1211 ipsi
1911 1136 2030 1191 contra
2043 1122 2168 1191 ,Hiere-

1178 1210 1277 1274 miam
1298 1206 1491 1296 allegabant
1511 1212 1720 1277 autoritatem
1742 1211 1834 1277 sedis
1857 1233 1898 1278 ac
1919 1209 2017 1291 levis,
2040 1206 2073 1277 et¹
2088 1230 2166 1296 pro·

1178 1296 1373 1362 missiones:
1416 1296 1494 1360 Non
1516 1299 1635 1381 peribit
1656 1296 1728 1362 Lex
1749 1319 1771 1363 a
1793 1299 1962 1365 sacerdoti
1986 1316 2040 1379 us,
2064 1317 2168 1384 nega·

1179 1384 1259 1447 hant
1281 1402 1378 1448 suurn
1401 1394 1532 1449 coetum
1555 1405 1668 1449 errare
1690 1404 1811 1468 posse,
1842 1405 1920 1457 ¹cum
1941 1396 2050 1450 tarnen
2073 1404 2167 1471 pror·

1177 1488 1239 1533 sus
1261 1480 1425 1546 errarent,
1447 1480 1482 1535 et
1502 1469 1718 1541 dissentirent
1741 1470 1947 1537 allierernia.
1969 1468 2065 1550 ltem,
2085 1482 2168 1537 tem·

1176 1574 1262 1639 pore
1284 1553 1408 1621 Christi
1429 1566 1524 1623 erant
1545 1557 1740 1645 paucissimi
1761 1557 1820 1643 pii,
1841 1556 2016 1638 videlicet,
2038 1554 2166 1635 Zacha-

1176 1642 1246 1707 rias
1265 1652 1300 1707 et
1321 1640 1469 1708 Simeon.

1263 1760 1369 1828 Porro
1388 1784 1465 1830 enm
1481 1764 1581 1849 impia
1597 1759 1773 1829 multitudo
1797 1763 1985 1830 dominatur
2005 1765 2038 1827 in
2048 1760 2166 1830 Eccle-

1176 1848 1239 1927 sia,
1263 1850 1433 1915 constituit
1455 1852 1588 1915 nomine
1609 1846 1786 1917 Ecclesiae
1815 1848 1921 1916 nrulta
1943 1847 2032 1915 falsa
2053 1862 2088 1914 et
2108 1850 2166 1916 im·

1176 1937 1241 2018 pia.
1303 1932 1395 2001 Talis
1428 1933 1605 2002 multitudo
1634 1932 1788 2020 amplexa
1822 1947 1877 2002 est
1908 1934 2166 2022 applicationem

1176 2021 1354 2087 blissarum
1383 2042 1445 2106 pro
1468 2022 1554 2088 vivis
1577 2032 1612 2087 et
1632 2023 1789 2103 mortuis,
1823 2019 1933 2089 cultus
1955 2033 2109 2089 votorum
2131 2030 2167 2089 et

1176 2118 1382 2188 sauctorum,
1405 2120 1523 2193 postea
1541 2104 1726 2193 exemplum
1748 2110 1862 2174 nocuit
1872 2109 1947 2194 piis.
1976 2107 2068 2173 Talis
2080 2104 2164 2174 muli

1175 2195 1282 2259 titudo
1315 2196 1415 2259 etiam
1441 2196 1474 2260 iu
1492 2194 1631 2281 Synodo
1655 2197 1842 2275 constituit,
1877 2192 2064 2261 divellenda
2084 2212 2166 2261 aesc

1177 2280 1333 2366 coniugia
1365 2282 1590 2346 sacerdotum.
1634 2281 1744 2366 Saepe
1771 2294 1882 2348 autem
1902 2281 2024 2347 accidit
2044 2281 2079 2345 in
2099 2278 2165 2347 Eo·
2277 2330 2280 2337 -

1175 2366 1292 2446 alesia,
1316 2377 1353 2431 ut
1374 2366 1474 2452 impii,
1497 2364 1704 2434 excellentes
1728 2368 1882 2457 ingeniis,
1905 2378 2040 2434 sumant
2060 2367 2164 2451 impc-

1175 2464 1230 2529 tus
1252 2455 1476 2520 constituendi
1497 2452 1694 2542 religionem
1716 2455 1861 2521 humana
1892 2453 2074 2539 sapientia,
2107 2451 2167 2557 qui

1176 2561 1251 2606 cum
1272 2560 1341 2606 non
1362 2554 1559 2608 moveantur
1580 2544 1686 2607 verbo
1702 2539 1779 2621 Dei,
1798 2542 1859 2606 sed
1880 2542 2043 2607 ducantur
2063 2551 2165 2606 retro·

1175 2626 1226 2690 nis
1248 2626 1500 2712 imaginatione,
1530 2638 1562 2691 et
1584 2639 1746 2715 quaerant
1773 2628 1955 2692 concinnes
1978 2627 2189 2711 opiniones,-

1199 2714 1317 2863 ignunt
1338 2712 1438 2797 impie
1459 2713 1634 2799 dogmata,
1657 2715 1746 2778 sicut
1767 2713 2026 2790 samosatenus,
2048 2711 2166 2791 Arius,

1175 2733 1203 2862 ᾖ
1237 2799 1346 2883 agius.
1390 2796 1459 2865 Alii
1481 2809 1644 2884 quaerunt
1665 2799 1800 2878 merita,
1823 2811 1881 2865 ant
1902 2810 2065 2885 quaerunt
2085 2817 2164 2882 spe·

1176 2886 1303 2951 ciosum
1327 2885 1496 2971 regimen,
1529 2897 1563 2950 et
1590 2884 1729 2965 εὐιαξίιῑν
1750 2884 1882 2971 populi,
1917 2897 1952 2951 et
1972 2885 2026 2948 his
2049 2884 2165 2951 causis

1175 2981 1351 3037 moventur
1374 2971 1417 3034 ad
1441 2968 1659 3038 instituendos
1681 2984 1716 3039 et
1737 2970 1958 3039 cumulandos
1983 2968 2105 3049 cultus,
2125 2978 2166 3036 ιιι
2278 3006 2283 3013 -

1175 3056 1333 3122 Monachi
1351 3067 1384 3122 et
1407 3056 1603 3144 Gregorius,
1637 3071 1671 3124 et
1699 3056 1766 3124 hoc
1798 3069 1947 3144 tempore
1969 3055 2163 3136 Pontifices,-

1176 3144 1361 3235 Principes,
1384 3142 1534 3210 etmulti
1555 3148 1617 3211 vin’
1640 3146 1741 3226 docti,
1764 3147 1937 3231 cupientes
1959 3144 2164 3225 constituere

1174 3228 1381 3310 Ecclesiam,
1404 3244 1580 3297 moventur
1603 3234 1745 3297 humana
1766 3233 1946 3318 sapientia,
1979 3242 2012 3297 at
2035 3231 2164 3295 omisso

1176 3321 1280 3384 verbo
1292 3317 1369 3397 Dei,
1391 3315 1509 3384 volunt
1529 3317 1718 3385 Ecclesiam
1740 3320 1831 3383 iuxta
1853 3338 1935 3384 suas
1957 3316 2163 3403 imaginatio·
2282 3392 2287 3399 ¹

1175 3422 1236 3469 nes
1260 3404 1480 3483 constituere,
1502 3404 1575 3471 Neo
1597 3407 1712 3472 vident
1733 3425 1813 3470 esse
1834 3400 2162 3487 horribilem-impia-

1175 3501 1288 3570 tatem,
1311 3492 1488 3556 discedere
1510 3512 1531 3556 a
1551 3494 1655 3557 verbo
1678 3490 1755 3570 Dei,
1777 3509 1940 3577 quaerere
1957 3487 2068 3553 Deum
2089 3489 2164 3553 sina

1175 3578 1292 3655 verbo,
1316 3575 1427 3643 cultus
1449 3578 1621 3643 instituere
1641 3574 1786 3643 humano
1807 3576 1959 3654 arbitrio,
1981 3575 2055 3640 sine
2070 3592 2163 3639 man·

1175 3665 1252 3728 dato
1269 3662 1344 3743 Dei,
1366 3684 1449 3729 vera
1470 3665 1627 3749 dogmata
1648 3676 1788 3742 mutare,
1809 3676 1844 3729 et
1865 3662 2054 3748 opprimere
2075 3661 2163 3746 puri·

1174 3762 1276 3815 tatem
1297 3752 1393 3815 verbi
1413 3749 1489 3818 Dei.
2156 3752 2159 3759 '

1263 3885 1347 3952 Cum
1368 3888 1468 3972 igitur
1490 3886 1643 3953 obiicitur
1666 3887 1828 3954 autoritas
1846 3883 2036 3965 Ecclesiae,
2059 3894 2097 3949 ut
2118 3884 2162 3949 de

1176 3972 1355 4039 Missurum
1378 3970 1611 4059 applicatione,
1634 3971 1789 4041 Ecclesia
1801 3995 1868 4040 non
1881 3984 1983 4053 errat,
2005 3968 2162 4036 Ecclesia

1176 4058 1384 4215 qqqdqesculis
1417 4042 1598 4146 applicavil
1618 4059 1756 4143 Missas,
1791 4059 1895 4149 igitur
1916 4080 1991 4126 mos
2014 4069 2068 4123 est
2089 4076 2162 4151 ser·

1262 4266 1544 4353 Respondendum
1567 4278 1618 4332 est
1636 4268 1679 4332 ad
1701 4270 1873 4334 maiorem:
1906 4262 2063 4332 Ecclesia
2089 4262 2160 4327 unc

138 4348 311 4432 Ecclesia,
348 4373 434 4439 quae
462 4363 514 4418 est
536 4356 677 4439 exigua,
712 4355 831 4419 retinet
853 4348 1012 4427 articulos
1034 4353 1154 4449 fidei-p
1180 4373 1291 4436 versa,
1310 4375 1396 4439 quae
1418 4364 1472 4418 est
1492 4350 1668 4419 multitudo
1681 4350 1917 4419 dominantium
1938 4354 1973 4417 in
1993 4349 2162 4421 Ecclesia,

138 4448 247 4503 tamen
269 4437 328 4504 illa
348 4440 423 4525 ipsa
440 4459 523 4505 vera
543 4434 698 4505 Ecclesia
720 4451 832 4524 potest
852 4438 980 4517 habere
1002 4451 1124 4519 errata,

140 4524 354 4606 obscurantis
376 4524 536 4590 articulos
558 4526 644 4591 fidei.
689 4525 869 4611 Praeterea
896 4520 990 4591 multi
1010 4528 1057 4592 ita
1076 4522 1125 4592 la·

139 4613 274 4691 buntur,
290 4626 327 4679 ut
348 4616 536 4701 approbent
558 4632 696 4701 prorsus
719 4614 837 4699 impios
860 4633 1023 4695 errores,
1046 4633 1126 4679 con·

139 4708 191 4783 tra
225 4697 384 4775 articulos
417 4699 509 4788 fidei,
542 4701 670 4768 etiamsi
702 4696 858 4777 fortassis
887 4696 989 4786 aliqui
1010 4701 1126 4787 resipi-

139 4788 531 4850 scunt-1·

199 4948 202 4953 ’
226 4950 370 5021 Primum
392 4954 510 5047 igitur,
525 4979 602 5047 cnm
622 4958 784 5047 putoritps
805 4955 985 5045 Ecclesiae
1004 4946 1129 5049 allega·¹

141 5057 205 5122 tur,
228 5044 456 5128 quaerendum
478 5044 541 5126 est,
562 5066 607 5109 an
628 5040 728 5110 fuerit
745 5064 846 5112 verae
856 5042 1034 5114 Ecclesiae
1046 5068 1126 5116 eon·

141 5142 277 5211 seusus,
298 5149 587 5217 magnaeanum
608 5134 715 5205 ιιιιο
736 5130 869 5233 liei-,se
957 5144 1042 5205 „aaa

1176 4451 1289 4526 potest
1311 4460 1437 4518 errare,
1459 4441 1546 4506 sicut
1568 4442 1726 4506 errabant
1737 4439 1930 4517 Pontifices,
1952 4449 1986 4504 et
2006 4436 2164 4503 sacerdo·

1177 4538 1243 4605 tes,
1274 4527 1433 4593 leremiae
1465 4538 1524 4593 aut
1544 4526 1671 4593 Christi
1703 4538 1864 4610 tempore.
1905 4524 1949 4592 Et
1972 4543 2164 4611 quanquam

1177 4625 1312 4697 praeter
1333 4610 1423 4679 illam
1444 4611 1684 4680 multitudinem
1706 4624 1785 4678 sunt
1805 4611 1908 4699 aliqui
1929 4613 1986 4697 pii,
2032 4617 2065 4677 ui
2086 4609 2164 4676 reti·
2235 4634 2244 4653 ι

1178 4710 1259 4767 nent
1275 4698 1435 4766 articulos
1452 4700 1543 4779 iidei,
1565 4712 1675 4764 tamen
1686 4698 1721 4764 hi
1744 4719 1880 4787 quoque
1900 4700 1980 4765 moti
1998 4633 2164 4781 elremplls

1179 4788 1407 4855 assentiuntur
1418 4787 1616 4873 quibusdam
1629 4788 1811 4852 erroribus.
1834 4785 1882 4851 lta
1893 4786 1943 4864 iit,
1953 4795 1991 4851 ut
1999 4780 2164 4853 articulos

1179 4872 1266 4941 fidei·
1289 4875 1398 4941 minus
1425 4894 1536 4959 purus
1552 4874 1726 4952 retineant,
1776 4874 1871 4939 Sicut
1891 4873 2023 4939 videtur
2054 4870 2162 4937 Bern-

1177 4958 1302 5027 hardus
1325 4961 1533 5041 commodius
1545 4961 1707 5040 semisse,
1724 4980 1823 5048 quam
1840 4960 1977 5041 caeteri,
1997 4959 2062 5025 etsi
2079 4952 2164 5043 mulg-
2237 4992 2249 5017 ι

1177 5048 1230 5117 tis,
1254 5048 1426 5114 erroribus
1447 5046 1626 5127 assensit„
1644 5058 1682 5115 ιιι
1701 5048 1824 5113 abusui
1844 5045 2036 5125 Missurum,
2067 5053 2163 5131 pota·

1178 5134 1261 5203 stati·
1275 5130 1487 5215 Parumne,
1513 5130 1625 5211 cotia,
1641 5206 1644 5219 Ι
1657 5130 1763 5201 cultui
1782 5132 1994 5202 διιιοιιιιιιιι.
