4628 5588
781 157 892 253 euru
916 157 1023 237 stall.
1044 157 1234 225 SCRlP’l'A
1255 157 1536 227 nonnanes.

523 405 760 491 Antithesis.
1060 448 1082 483 0

237 643 420 729 Postquam
442 652 552 707 autern
575 641 761 727 dixi,.quaa
783 642 849 704 sint
869 639 968 707 huius
996 614 1132 725 praeeo·

176 730 201 795 ti
223 749 327 816 opera
348 740 381 795 ct
403 727 626 814 quomodo‘in
649 724 715 791 hac
743 723 965 793 imbecillitate
994 737 1133 795 naturae

176 836 317 882 umanae
349 813 443 894 liant,
471 825 506 879 et
530 811 605 878 Deo
634 810 797 900 placeant,
819 813 883 878 iam
904 813 1058 879 addenda
1080 823 1133 876 est

152 902 339 981 antithesis,
363 913 399 965 ut
422 910 455 965 et
476 901 621 964 humana
644 900 775 963 miseria
793 900 900 984 magis
917 909 1132 985 agnoscatur,

152 1000 186 1054 et
207 989 304 1055 huius
322 987 493 1073 praecepti
515 984 747 1063 doctrinata
772 983 943 1061 illustrior.

238 1125 401 1190 R⁰⁰¹t⁸b⁰
424 1136 535 1189 amem
557 1144 694 1209 mum
710 1143 758 1187 ω
779 1134 936 1208 pecm’
966 1141 1054 1209 quae
1075 1142 1133 1186 'm‘
1185 1175 1443 1254 invocationem,
1466 1172 1556 1240 nulla
1577 1196 1675 1261 gens,
1696 1175 1789 1241 nulla
1812 1189 1907 1241 secta
1928 1174 2041 1254 habet,
2068 1175 2169 1241 relin·
2259 1230 2272 1250 ,

151 1214 237 1279 nime
260 1214 407 1277 obscura
428 1222 518 1287 sunt,
539 1231 680 1296 quorum
701 1209 825 1293 primus
848 1211 973 1294 gradus
995 1219 1058 1287 est,
1084 1205 1134 1272 iu·

150 1320 208 1364 ror
231 1318 357 1376 eonati,
376 1298 432 1383 qui
454 1294 565 1382 palam
588 1307 666 1361 sunt
686 1292 787 1373 athei,
808 1307 844 1359 ut
856 1292 1036 1445 Cyclopes,
1058 1294 1086 1359 E
1111 1295 1135 1358 i-

151 1386 257 1463 ourei,
290 1395 323 1448 et
354 1381 495 1460 similes,
528 1382 608 1447 item
640 1380 844 1460 Academici,
877 1392 911 1446 et
943 1384 999 1446 aii
1031 1403 1062 1446 m
1100 1382 1135 1458 ti,

153 1492 293 1557 quorum
314 1468 372 1534 alii
395 1488 535 1554 prorsus
558 1480 684 1554 negant
703 1488 784 1532 esse
796 1466 907 1545 Deum
930 1468 1134 1533 conditorem

153 1557 286 1644 generis
298 1554 443 1635 humani,
466 1553 520 1621 alii
533 1566 658 1641 negant
678 1555 821 1619 iudicem
834 1574 922 1632 esse,
945 1552 999 1620 alii
1020 1555 1134 1618 iubent

153 1662 286 1728 semper
309 1642 462 1707 dubitare
483 1662 529 1706 an
550 1644 595 1707 sit
605 1639 727 1718 facus,
752 1651 795 1704 et
823 1661 865 1704 an
888 1642 931 1704 sit
952 1638 1134 1711 iudex'ho·

151 1728 288 1807 minum,
322 1738 356 1793 et
388 1748 431 1793 an
466 1725 734 1796 curethrunana.
801 1725 874 1793 Nec
896 1738 1021 1792 tanturn
1042 1723 1136 1813 vulgi

152 1810 284 1880 furores
306 1815 339 1878 in
360 1814 427 1879 hoc
449 1834 573 1900 genere
596 1814 679 1878 varii
694 1825 790 1893 sunt,
813 1814 987 1879 sedetiam
1005 1814 1136 1899 sapiena

152 1912 203 1966 tes
225 1911 259 1965 et
281 1897 476 1986 Philosophi
499 1902 609 1967 varus
631 1899 1082 1989 amginauonesafimerunt

239 2039 345 2104 Stoici
378 2041 442 2103 etsi
475 2039 589 2103 dicunt
618 2058 696 2101 esse
718 2036 839 2117 Deum,
866 2050 900 2102 et
921 2037 1073 2123 aspicere
1085 2056 1145 2102 :aa

153 2143 239 2211 quaa
261 2123 355 2202 liunt,
377 2120 486 2189 tamen
509 2123 638 2209 lingunt
654 2121 826 2208 alligatum
848 2144 926 2188 esse
948 2125 1061 2189 causis
1082 2143 1135 2187 se·

154 2211 284 2288 cundis,
307 2230 371 2274 nec
393 2230 497 2293 posse
520 2208 615 2273 aliter
637 2230 752 2294 agere,
774 2230 872 2293 quam
894 2222 931 2274 ut
948 2210 1035 2274 cient
1057 2230 1135 2273 cau·

151 2316 211 2361 sae
233 2295 403 2361 secrrndae
424 2306 459 2361 et
480 2296 672 2361 necessario
684 2295 1016 2367 adirrvarebonarum
1032 2296 1134 2359 actio·

151 2403 231 2449 num
252 2393 287 2447 et
309 2382 452 2447 omnium
472 2379 641 2453 scelerum
656 2378 877 2455 effectionem.

237 2517 313 2585 Etsi
345 2531 456 2585 autern
488 2517 590 2605 aliqui
624 2537 758 2583 errores
779 2517 946 2583 interhos
968 2518 1055 2582 adeo
1077 2494 1145 2581 ab·'

152 2606 245 2672 surdi
277 2616 311 2670 et
343 2606 419 2671 tetn‘
446 2617 535 2685 sunt,
561 2615 597 2671 ut
617 2605 703 2671 ratio
727 2606 825 2669 etiam
847 2600 991 2671 naturali
1010 2603 1145 2669 iudicio:

150 2689 298 2758 refutare
330 2712 391 2758 eos
423 2693 543 2778 possit,
575 2690 792 2757 tamen=haec
812 2694 959 2757 varietas
982 2691 1135 2756 conside·

69 2814 75 2821 ·
143 2780 257 2845 'randa
289 2790 354 2859 est,
386 2788 423 2843 ut
454 2776 632 2843 humanam
664 2778 839 2855 andaciam
859 2779 966 2864 magis
990 2779 1134 2843 deteste-

151 2886 236 3016 uqur,
259 2885 345 3019 qudae
358 2861 722 3017 gorllffll·lmlll⁰(latse'·
730 2877 808 3016 (qutun,
830 2874 1044 2951 portentosas
1066 2865 1135 2949 opi·

151 2971 271 3017 nones
317 2973 337 3017 e
396 2973 436 3016 eo
506 2971 595 3038 gre
652 2971 787 3017 eenr.

238 3087 419 3155 Secundus
442 3088 568 3174 gradm
589 3100 661 3167 est,
683 3087 779 3154 furor
801 3107 933 3166 eorum,

153 3172 280 3254 colunt,
311 3184 348 3239 ιιι
379 3172 606 3253 Ethnicorum,
640 3175 697 3259 qui
729 3172 895 3239 finxerunt
921 3195 976 3238 mu
990 3185 1026 3238 ta
1057 3192 1136 3238 esse

151 3270 289 3325 aeterna
309 3260 454 3339 numina,
477 3270 511 3324 et
533 3260 700 3325 diversam
721 3257 863 3348 singulis
884 3260 1066 3346 potentiam
1087 3270 1136 3325 at·

153 3347 355 3425 tribuerunt,
387 3357 425 3412 ιιι
456 3343 557 3412 aliern
589 3345 752 3428 Saturno,
785 3343 884 3411 uliam
917 3345 1002 3426 lovi,
1034 3343 1135 3411 aliam

967 3090 1024 3236 qui
1044 3084 1136 3153 idola

40 3472 43 3478 ·
151 3430 264 3511 uos,
287 3430 384 3499 aliam
403 3431 530 3514 lunoni,
551 3430 651 3500 aliam
666 3432 801 3514 Veneri,
822 3445 941 3520 estque
958 3444 992 3499 et
1013 3433 1047 3498 in
1067 3430 1135 3498 hoo

151 3519 258 3608 gradu
280 3540 401 3605 magna
422 3520 578 3584 variatas.
604 3596 608 3603 Ι

240 3637 308 3706 Alii
336 3639 527 3727 cogitarant
558 3641 650 3725 ipssa
684 3650 813 3706 statuas
846 3638 1052 3719 essa·Deos,
1078 3636 1134 3705 alii

153 3727 211 3812 qui
230 3726 336 3791 videri
357 3727 591 3811 prudentiores
613 3723 789 3806 volebant,
823 3724 1002 3813 alligarunt
1018 3718 1133 3793 'Deum

152 3810 197 3875 ad
220 3822 332 3876 certas
355 3822 485 3878 statuas
508 3825 541 3878 et
564 3811 689 3893 orsitus,
711 3813 878 3879 linxerunt
904 3812 1012 3879 Deum
1034 3832 1135 3879 exau·

145 3897 226 3963 dire
247 3895 401 3964 adhunc
422 3909 580 3978 statuam,
602 3910 637 3965 et
657 3898 881 3986 propter-hos
903 3897 1025 3977 culum.
1067 3897 1134 3964 nni

152 3984 340 4049 tribuerunt
363 3983 506 4049 divinam
526 3987 709 4068 potentiam
727 3986 902 4067 creaturis,
933 3998 971 4053 ut
997 3985 1058 4072 qui
1075 3987 1134 4053 in·

152 4081 315 4137 vocarunt
337 4068 527 4148 Herculem,
550 4070 732 4144 Quirinum.

239 4205 330 4274 Talis
354 4221 407 4272 est
428 4219 462 4273 at
483 4229 600 4272 eorum
621 4210 802 4287 invocatio,
823 4211 880 4295 qni
902 4220 1051 4276 mortuos
1072 4210 1132 4277 ho·

152 4295 271 4374 mines,
293 4305 330 4360 ιιι
346 4293 493 4373 Petrum,
516 4292 657 4361 Paulum
679 4291 1026 4375 atsirnilesinvooaut·
1049 4297 1134 4362 Nam

152 4381 209 4447 hie
229 4381 314 4446 ritus
334 4383 378 4446 ab
398 4380 549 4446 Ethnicis
570 4378 732 4466 exemplis
755 4393 936 4463 ortuumst,
958 4381 1134 4453 et-similis
1190 4446 1193 4453 .

152 4474 206 4532 e‘st
227 4464 379 4534 edrnicae
399 4468 568 4553 impietati
590 4466 717 4533 Tribuit
739 4468 825 4534 enirn
848 4471 1009 4545 oreamris
1031 4470 1135 4535 ostrul-

153 4553 345 4658 potentiam,
373 4557 452 4640 quia
472 4555 637 4621 invocans
668 4554 792 4620 iudicat
813 4557 1003 4639 absentem,
1036 4577 1134 4642 quarn

152 4650 299 4718 avocat,
321 4639 490 4726 inspicere
511 4644 657 4708 omnium
679 4641 790 4707 corda,

238 4776 421 4843 Praeterea
443 4799 517 4844 cum
539 4776 632 4844 nulio
655 4777 931 4845 testimoniollei
946 4778 1003 4849 bic
1025 4777 1134 4849 cultus

154 4860 367 4928 confirmetur
389 4875 421 4928 et
439 4858 722 4930 obscuret'verum
740 4862 969 4949 illediatorear,
991 4886 1134 4935 necesse

152 4959 207 5014 ast
227 4969 303 5014 enm
324 4951 503 5036 improbari
525 4963 559 5018 et
580 4952 741 5018 damnari.

240 5089 369 5155 ramus
381 5089 507 5176 gradus
525 5102 578 5156 est
588 5072 798 5171 ludaeorum,
815 5088 1134 5179 hlahometistarnp,

2097 156 2197 238 ⁸¹4.

1184 357 1217 413 et
1238 348 1383 413 oninium
1407 346 1661 415 haeretieorum.
1727 347 1813 415 Nam
1833 345 1868 413 hi
1889 367 2006 414 omnes
2036 346 2169 436 lingunt

1183 434 1248 499 sibi
1271 434 1354 498 deos
1378 431 1476 513 alios,
1498 454 1563 499 nec
1585 430 1702 500 volunt
1723 455 1912 520 agnoscere
1933 432 2024 501 huno
2050 455 2168 501 varum

1184 519 1305 597 Deum,
1326 520 1381 605 qui
1404 541 1443 585 se
1464 521 1497 584 in
1520 518 1587 584 hoc
1609 540 1671 585 suo
1694 523 1799 586 verbo
1822 522 1943 586 tradito
1966 542 2026 606 per
2037 517 2169 599 Filium,

1184 603 1374 690 Prophetas
1398 619 1440 671 -et
1461 603 1648 692 Apostolos
1670 603 1837 692 patefecit,
1866 628 1941 673 cum
1963 609 2016 672 sic
2038 617 2168 672 tantum

1184 690 1265 757 velit
1286 694 1427 777 agnosci
1449 698 1487 757 et'
1503 695 1663 759 invocari.
1706 691 1750 758 Et
1778 713 1969 779 quanquam
1998 689 2100 758 multa
2121 692 2169 758 di·

1184 790 1240 851 eta
1268 780 1391 863 opponi
1423 775 1537 845 talium
1558 777 1727 849 furoribus
1753 791 1907 866 possunt,
1925 791 2036 853 tamen
2057 777 2113 844 hio
2134 780 2169 848 la

1175 884 1309 951 ,genere
1326 866 1496 931 sententa
1517 877 1669 933 teneatur
1702 868 1839 932 recitate
1862 867 1896 933 in
1912 886 2050 952 ‚agones
2084 864 2168 943 San·

1176 950 1296 1029 ,aulica
1318 971 1378 1017 eos
1400 953 1435 1015 in
1456 953 1606 1032 veritate,
1629 952 1747 1017 Sermo
1768 964 1847 1019 tuus
1869 963 1923 1019 est
1944 953 2080 1020 veritas.

1273 1086 1387 1174 ltaque
1418 1109 1533 1154 verum
1567 1090 1609 1154 de
1630 1087 1705 1154 Deo
1739 1090 1924 1155 doctrinam
1951 1099 1985 1154 et
2012 1089 2084 1155 veri
2100 1088 2170 1156 aet

1186 1281 1294 1347 quens
1323 1259 1411 1327 hanc
1444 1282 1564 1327 vocem
1586 1262 1739 1328 traditam
1761 1282 1822 1347 per
1837 1259 1959 1335 ‚Filium
1983 1260 2058 1341 Dei,
2086 1261 2168 1328 Pro·

1174 1344 1305 1452 ‚phetas
1326 1360 1361 1413 et
1383 1346 1582 1433 Apostolos.
1636 1346 1680 1412 Et
1702 1350 1868 1434 quomodo
1890 1348 2102 1423 iudicandam
2123 1348 2169 1423 sit
2210 1376 2216 1385 ·

1184 1446 1289 1584 uterq·
1307 1432 1395 1499 hanc
1416 1431 1673 1520 patefactionem
1695 1434 1857 1517 divinam,
1890 1431 2036 1501 inlrade
2052 1431 2166 1515 Eocle

1185 1541 1236 1585 sra
1282 1541 1417 1587 suemus,

1263 1657 1315 1722 :Et
1369 1661 1425 1725 uia
1457 1660 1554 1723 nimis
1587 1654 1725 1745 longum
1747 1659 1959 1723 estrecitare
1979 1659 2168 1725 haeretico·

1186 1762 1261 1821 rum
1285 1679 1485 1831 catalogum,
1507 1746 1590 1809 satis
1612 1745 1656 1810 sit
1677 1765 1812 1813 mouere
1833 1743 1900 1809 hoc
1921 1740 2012 1823 loco,
2034 1742 2167 1817 furores

1185 1828 1428 1903 haereticorum
1439 1851 1518 1896 esse
1535 1829 1707 1897 horribilia
1724 1842 1876 1917 peccata,
1890 1831 2167 1917 pugnantiatcun

1174 1939 1262 1995 ,cum
1283 1918 1388 2002 primo
1411 1930 1602 2003 praecepto,
1623 1914 1930 1991 similiaidolorum
1951 1914 2109 1989 curibus.

1273 2037 1350 2101 Non
1384 2039 1492 2103 urinas
1526 2049 1611 2104 tetra
1641 2035 1732 2104 idola
1759 2050 1847 2111 suut
1883 2036 2182 2116 Manichaeorum,

1186 2122 1411 2201 samosateni,
1433 2123 1505 2188 Arii
1528 2135 1561 2189 et
1585 2123 1739 2189 similium
1761 2145 1905 2195 errores,
1928 2125 1983 2209 qui
1997 2125 2102 2210 quasi
2121 2125 2168 2188 si·
2233 2148 2249 2163 ·

1186 2205 1334 2281 mulacra
1356 2223 1434 2274 sunt
1455 2207 1588 2295 sculpta
1600 2209 1744 2275 humana
1756 2212 1909 2289 audacia,
1931 2232 2030 2296 quarn
2040 2208 2169 2278 Bacchi

1186 2306 1244 2370 aut
1276 2295 1420 2359 Veneris
1450 2307 1589 2361 statuae.
1657 2293 1807 2383 Cumque
1831 2298 2035 2383 cogitamus,
2069 2313 2169 2381 quam

1141 2418 1145 2471 1
1184 2378 1254 2445 late
1294 2392 1457 2466 vagentur
1496 2382 1581 2449 haec
1615 2378 1756 2467 pecoma
1794 2384 1829 2448 in
1863 2402 1991 2469 genere
2008 2379 2167 2451 ‘humauo

1184 2468 1338 2531 omnibus
1361 2470 1537 2547 aetatibus,
1560 2490 1628 2533 non
1649 2480 1761 2554 potest
1777 2467 1862 2555 heri,
1884 2469 1963 2555 quin
1979 2468 2085 2561 horno
2088 2470 2168 2557 pius

1184 2564 1257 2618 toto
1280 2574 1423 2636 corpore
1445 2555 1673 2621 cohorrescat

1271 2673 1386 2748 Quare
1413 2674 1517 2738 simus
1541 2673 1731 2763 vigilantes,
1754 2694 1797 2740 ne
1817 2671 2006 2762 polluamur
2019 2674 2168 2747 haereti·

1186 2762 1236 2826 ois
1259 2760 1481 2846 opinionibus,
1505 2772 1539 2825 et
1559 2781 1641 2826 vera
1663 2762 1816 2828 doctrina
1832 2764 2106 2839 humanusque,
2120 2781 2169 2832 ua

1184 2845 1295 2913 Deum
1318 2866 1463 2927 oremus,
1484 2858 1521 2912 ut
1541 2857 1670 2919 mentes
1691 2860 1827 2915 nostrus
1849 2859 1962 2938 regat,
1984 2868 2028 2914 ne
2041 2845 2171 2918 aluos

1184 2931 1361 3021 Evangelii
1383 2935 1586 3000 aberremus.
1875 2942 1878 2949 '
2211 2928 2221 2953 ⁸

1273 3053 1421 3128 Quartus
1444 3054 1570 3139 gradus
1592 3065 1646 3120 est
1665 3054 1859 3139 Magorum,
1886 3050 2168 3143 pipam-iosi-

1185 3152 1245 3205 unt
1268 3160 1344 3205 cum
1355 3136 1522 3218 Diabolis,
1543 3151 1578 3205 et
1601 3142 1744 3206 omnium
1767 3140 1954 3228 quiMagos
1979 3137 2172 3226 consuluntg

1186 3239 1220 3292 et
1252 3223 1327 3292 aliis
1360 3227 1603 3311 superstitiosis
1626 3229 1927 3303 observationibus
1956 3228 2056 3292 dedu
2078 3239 2171 3314 sunt,

1185 3314 1306 3400 quibus
1324 3313 1479 3378 tribuitur
1499 3314 1645 3396 potentia
1669 3315 1742 3379 sine
1762 3312 2056 3381 ordinationerllei.
2079 3312 2168 3387 Qus·

1183 3398 2169 3636 {hthtjht'hh‘ltttutthttntttlh

1199 3594 1252 3638 um
1274 3593 1400 3639 vaccis.

1271 3709 1365 3775 Haeo
1407 3711 1517 3775 omnia
1560 3708 1779 3796 prohibentur
1811 3709 1953 3777 Levitioi
1987 3711 2171 3778 vicesimus
2246 3768 2249 3773 .

1185 3798 1340 3863 Animam
1389 3814 1452 3861 uae
1473 3795 1691 3862 declinaverit
1710 3798 1755 3862 ad
1775 3818 1828 3862 ma
1853 3817 1895 3861 os
1918 3794 2112 3877 et-uriolos,
2136 3808 2176 3868 aa

1184 3882 1351 3948 fornicata
1366 3817 1472 3948 luerit
1496 3903 1572 3948 cunr
1593 3883 1654 3962 eis,
1664 3904 1798 3975 3ponarn
1814 3918 1817 3923 ·
1853 3885 1939 3948 dan
1952 3904 2067 3950 meam
2078 3904 2171 3950 aaa*

1185 3982 1239 4035 tra
1272 3989 1364 4047 eam,
1398 3979 1432 4033 et
1459 3968 1818 4036 interficiendam-de
1837 3971 1949 4041 medio
1970 3968 2083 4058 populi
2105 3971 2170 4038 sui.

1187 4056 1273 4130 Quia
1294 4076 1362 4121 non
1384 4052 1456 4120 ruit
1476 4054 1822 4122 nosDeasuuxilium
1842 4069 2002 4142 petere-a
2019 4054 2173 4124 diabolis

1185 4140 1390 4293 blasphemiis
1411 4143 1596 4227 spiritibus,
1620 4164 1683 4209 nso
1706 4140 1779 4209 vult
1799 4141 2171 4217 fiduciamaastramad

1185 4246 1247 4295 eos
1268 4239 1363 4295 trans
1378 4231 1455 4293 ern'.

1271 4365 1441 4431 Pertinent
1461 4378 1570 4431 autem
1597 4368 1641 4431 ad
1669 4368 1760 4432 huno
1787 4368 1927 4454 gradum
1956 4365 2080 4432 multae
2106 4358 2169 4435 iru-

1183 4454 1260 4538 piae
1283 4455 1568 4530 consecrationes,
1589 4474 1678 4538 qaae
1698 4456 1731 4518 in
1745 4453 1940 4520 Ecclesiam
1964 4455 2171 4537 irruperunt,

1184 4538 1311 4607 similes
1333 4540 1483 4626 magicis,
1507 4551 1543 4605 ut
1560 4537 2170 4621 olei,-salis,-st·multarum2rom
2203 4622 2208 4631 .

1274 4657 1416 4735 Quintus
1440 4661 1579 4749 gradus,
1597 4659 1935 4812 estllypocritarmn,
1956 4659 2168 4747 quietsirs·

1186 4767 1226 4812 ra
1245 4744 1461 4853 profitentur,
1495 4766 1562 4845 npc
1581 4759 1658 4812 sunt
1680 4768 1723 4833 po
1739 4745 1799 4814 inti
1821 4747 1965 4821 externis
1989 4743 2099 4829 idolis,
2119 4756 2169 4827 ta·
2198 4752 2200 4757 '
2285 4772 2290 4788 ·

1186 4854 1261 4897 men
1284 4855 1316 4897 ιιι
1340 4834 1442 4899 corde
1463 4846 1541 4898 sunt
1563 4833 1673 4899 securi
1693 4846 1726 4899 et
1747 4835 1820 4899 sine
1841 4834 2061 4917 poenitentia,
2095 4832 2171 4899 sina

1185 4919 1302 4984 timore
1324 4918 1405 5000 Dei,
1438 4932 1473 4987 et
1493 4922 1567 4986 sine
1588 4940 1669 4991 vera
1690 4920 1773 4994 lide,
1795 4931 1827 4985 et
1849 4921 1956 5005 magis
1977 4930 2090 4990 suunt
2110 4939 2169 4986 vo·
2284 4940 2288 4945 ·

1174 5003 1332 5073 dentatas
1353 5027 1435 5075 uras
1455 5020 1490 5073 et
1511 5028 1531 5071 o
1557 5028 1606 5086 os,
1629 5005 1870 5092 quam·Deum,
1888 5019 1928 5072 ut
1949 5002 2071 5073 amat
2099 5004 2168 5085 ida·

1173 5089 1230 5160 .lis
1248 5105 1453 5183 estsuper
1474 5095 1509 5161 in
1530 5030 1559 5159 E

1560 5090 1685 5163 odota
1706 5093 1826 5182 ingens
1845 5089 2038 5174 multitudo.
2063 5092 2169 5171 etin

2081 5198 2089 5220 Ι
