4628 5588
164 174 232 245 ott
392 184 398 191 ”
609 169 671 237 Vl.
695 169 759 237 DE
780 167 1164 241 accumulatus
1185 114 1470 242 ausonium
1492 171 1629 241 VDRDl
1652 170 1756 240 ulit:
2127 178 2194 245 bid

165 364 244 459 qnia
266 360 455 441 crediderit,
476 380 550 427 norr
565 370 693 427 tantem
710 360 752 426 de
774 360 971 448 posteritate
992 379 1068 441 sua,
1091 362 1154 427 aad
1204 362 1367 429 omnteuti
1388 383 1451 449 pro
1473 364 1625 445 mortuis,
1648 361 1757 452 qualis
1780 365 1927 431 nondum
1948 362 2011 432 i'uit
2032 364 2193 455 Angusti-
2279 314 2282 319 Ι

164 449 397 519 remissionem
418 456 644 536 peccatorum.
1203 447 1237 515 ni
1260 457 1421 536 tempore.
1485 494 1490 503 -

250 618 353 688 Tales
385 619 570 686 mantua
591 614 717 705 passim
738 620 859 687 obviae
881 620 971 704 apud
991 619 1153 709 Augusti·
1290 618 1438 689 suerunt
1459 633 1494 688 et
1515 633 1595 690 rota
1616 622 1740 689 usitats
1769 642 1811 689 eo
1833 634 2000 709 tempore,
2034 636 2067 691 et
2090 644 2192 712 quae

165 730 255 790 num,
276 708 360 773 satis
383 706 563 774 ostendunt
584 726 659 773 eum
681 705 724 773 da
807 704 854 772 tia
876 718 909 773 et
933 703 1152 774 defidcidem
1202 707 1265 773 stio
1282 707 1406 787 incidit,
1428 728 1472 774 an
1494 710 1651 796 coniugia
1668 720 1744 795 post
1756 722 1871 776 votum
1883 720 2058 777 contracta
2069 710 2192 777 dissol-

163 796 289 865 sentire
312 794 402 881 quod
423 812 487 859 nos
510 792 688 873 docemus,
721 792 817 860 Scut
837 794 936 861 etiam
964 794 1007 859 de
1028 792 1053 859 S
1076 792 1152 859 iritu
1204 794 1237 859 ri
1258 793 1416 860 debeant.
1459 794 1532 862 Hac
1555 795 1598 860 de
1620 816 1658 862 re
1680 806 1770 861 estat
1787 798 1953 862 sententia
1964 796 2145 885 Augustini
2156 798 2191 863 ln

165 894 199 952 et
219 880 319 948 litera
340 881 464 966 inquito
481 876 537 945 -Ex
558 876 635 967 lege
652 878 807 945 timemus
828 876 949 961 Deum,
972 898 1032 963 per
1053 814 1153 945 bdem
1202 878 1359 953 Decretis
1380 880 1435 945 ii.
1453 901 1487 968 q.
1512 880 1542 945 l.
1565 902 1596 948 o.
1620 880 1814 969 nuptiarum.
1859 882 1923 947 llic
1945 883 2009 959 etsi
2031 883 2191 971 Augusti·

163 979 274 1037 autern
296 962 508 1055 confugimus
529 967 573 1031 ad
595 965 868 1047 misericordiam,
879 964 942 1031 llic
959 966 1085 1033 diserte
1103 966 1151 1032 di·
1201 986 1266 1033 nus
1298 963 1375 1053 pius
1409 967 1524 1034 tribuit
1555 969 1644 1035 rotis
1677 988 1777 1053 quam
1809 970 2047 1048 conveniebat,
2081 982 2191 1037 nmen

163 1055 290 1125 scernit
310 1050 421 1142 legem
442 1065 477 1121 st
497 1048 727 1143 Evangelinm.
1201 1054 1394 1203 gronuntiat
1416 1054 1572 1140 coniugia
1593 1062 1671 1145 pqst
1688 1068 1802 1120 votum
1825 1066 1999 1121 contracta
2021 1074 2090 1121 non
2111 1076 2191 1127 esso

249 1226 323 1293 Etsi
355 1237 465 1291 autem
497 1224 661 1292 interdum
693 1224 728 1290 in
760 1224 833 1291 eiua
865 1224 998 1311 scriptia
1021 1222 1152 1312 figuras
1201 1136 2191 1311 ιῖἰέιῗένὲἓέἒᾶηααιιειῇῗῧὲῑνῖἑιοηῗιῗιῗτίξοᾞῗεῗίῗιέ3ῗί

165 1315 326 1382 orationis
348 1322 530 1379 occurrunt
551 1332 617 1377 non
638 1312 723 1378 satis
745 1308 930 1399 explicatae
951 1322 1008 1377 aut
1026 1312 1151 1377 incom·
1200 1332 1238 1377 re
1270 1311 1314 1378 ad
1348 1324 1473 1379 votum.
1518 1312 1591 1378 Neo
1623 1312 1660 1378 lit
1693 1310 1761 1379 obli
1787 1315 1854 1379 atio
1883 1315 1977 1379 irrita
1998 1316 2083 1380 inter
2106 1316 2191 1381 duas

163 1402 302 1480 modae,
336 1398 401 1465 lrae
433 1399 639 1485 temporibus
673 1399 915 1465 condonandae
943 1408 1038 1477 sunt,
1073 1398 1152 1485 quia
1200 1416 1378 1483 personas,
1410 1399 1541 1466 etiamsi
1573 1396 1681 1465 altera
1702 1334 1811 1465 attulit
1833 1404 2048 1467 mutationem
2069 1402 2192 1485 prioris

163 1486 220 1555 vul
279 1484 486 1552 consuetudo
509 1484 671 1572 quasdam
693 1484 833 1572 ligurus·
847 1494 1030 1572 receperat,
1042 1493 1079 1549 ut
1093 1504 1151 1570 ap·
1199 1484 1375 1571 propositi.
1420 1484 1513 1551 llaec
1540 1488 1574 1551 in
1596 1506 1725 1552 summa
1748 1488 1829 1551 dicit
1854 1487 1889 1552 in
1911 1508 1952 1553 eo
1974 1498 2077 1553 textu.
2121 1488 2192 1555 Sed

253 1575 376 1639 tioucm
398 1571 517 1649 meriti,
540 1582 575 1637 et
595 1568 681 1637 alias
704 1570 877 1657 quasdam,
897 1582 929 1637 et
951 1569 1014 1635 bas
1036 1567 1150 1655 explo-
1202 1568 1279 1657 plus
1290 1568 1395 1637 valuit
1406 1592 1504 1638 error
1524 1573 1568 1638 de
1589 1574 1690 1649 votis,
1711 1592 1812 1657 quam
1834 1572 1921 1639 haec
1942 1573 2191 1660 mitigatioAu·

186 1680 244 1727 ere
265 1659 355 1725 docti
377 1678 445 1724 nou
467 1668 640 1743 poterant,
672 1654 805 1723 Deinde
833 1677 897 1724 nec
917 1658 981 1742 ipsi
1002 1656 1150 1743 Scripto·
1201 1655 1338 1745 gustinl.
1381 1658 1459 1725 ideo
1494 1659 1748 1725 constitutiones
1771 1672 1890 1744 postea
1911 1673 2049 1725 secutae
2072 1661 2192 1725 distra-

162 1768 219 1814 rcs
240 1747 324 1812 satis
346 1741 526 1810 assuefacti
549 1740 681 1810 luerunt
702 1744 745 1809 ed
767 1743 1150 1828 accuratasdisputatio·
1200 1755 1321 1810 xerunt
1343 1745 1509 1833 coniugia.
1552 1744 1644 1812 Vidit
1657 1746 1866 1833 Augustinus
1889 1744 1979 1811 illam
2002 1746 2191 1812 distractio·

163 1854 237 1914 nes,
261 1845 295 1899 et
317 1844 442 1919 quanta
463 1842 543 1897 tunc
565 1826 662 1898 fuerit
685 1829 747 1896 cali
774 1831 851 1897 oin
873 1829 1044 1909 Ecclesia,
1073 1830 1150 1896 inde
1201 1850 1277 1897 nem
1310 1830 1467 1898 vitiosam
1499 1851 1596 1913 esse,
1638 1832 1701 1897 sed
1732 1848 1800 1896 non
1834 1834 1918 1898 satis
1951 1833 2191 1913 consideravit,

164 1919 331 1987 aestimari
362 1928 491 2004 potest,
525 1917 615 2004 quod
636 1853 773 2005 Pelagii
796 1917 895 2003 impia
922 1916 1033 2003 opinio
1057 1929 1148 1983 tanto
1200 1916 1279 2006 quid
1299 1918 1335 1981 iu
1356 1917 1440 2002 ipsis
1462 1920 1562 1984 etiarn
1583 1920 1672 1985 votis
1696 1919 1763 1984 vitii
1786 1916 1898 1998 suerit,
1922 1919 2010 2003 quod
2033 1920 2191 1985 eret-ob·

164 2026 238 2073 cnm
258 2004 379 2092 plausu
402 2015 543 2090 excepta
564 2000 645 2085 i'uit,
678 2014 715 2070 ut
735 2004 962 2091 Augustinus,
996 2014 1030 2067 et
1051 2002 1150 2090 pauci
1200 2003 1344 2071 scorias.
1389 2004 1595 2070 vincebatur
1628 2006 1715 2071 enim
1748 2000 1945 2092 vulgaribus
1979 2004 2191 2091 opinionibus

164 2094 295 2179 quidam
317 2088 371 2158 alli
393 2111 461 2157 non
483 2090 557 2157 aius
579 2090 710 2177 magnis
733 2090 971 2181 certaminibus
994 2108 1150 2155 eammr·
1200 2091 1254 2157 sui
1282 2086 1400 2157 seculi.
1444 2089 1513 2157 lam
1545 2109 1620 2157 mos
1643 2103 1799 2175 receptus
1822 2102 1893 2156 erat
1926 2087 2078 2167 faciendi,
2101 2103 2190 2157 vota.

164 2198 224 2245 sua
246 2200 288 2245 ex
308 2174 471 2243 Ecclesiis
492 2172 673 2263 explodere
695 2177 874 2261 potuerint.
1200 2176 1421 2329 ΜΘΝ
1440 2176 1615 2328 ww
1638 2175 1815 2328 molitorung
1832 2180 1869 2329 ¹3·
1888 2196 1930 2284 eo
1953 2178 2041 2329 vidiat}
2064 2194 2191 2327 gerqucra

250 2349 426 2417 Caeterum
459 2351 502 2416 de
534 2348 734 2415 ceremoniis
765 2348 796 2415 sl
818 2346 893 2435 quis
914 2358 1058 2415 sanna
1079 2345 1149 2413 An·
1200 2282 1309 2437 igiffl
1334 2282 1629 2434 gingibmbssrgno
1646 2283 1795 2415 viieigit
1816 2283 1925 2430 uvat:
1949 2276 2190 2436 Ἱιιιῐῖιιφιῖῆὲἒ

161 2438 287 2591 iiiii
305 2433 1150 2590 ininitiabili.¹¹{.³¹‘⁸¹..ttii¹..i”ti
1200 2432 1355 2588 iniis
1356 2434 2066 2588 ⁸⁰¹¹i⁰it¹“1.i”tii.¹.³¹li⁸.tiiiii
2068 2456 2190 2589 “iii

161 2543 1062 2763 triricumurniorum
1201 2541 1513 2760 tulius
1562 2542 2191 2763 aetrnztrrstiriss

163 2783 307 2850 ditiones
323 2781 517 2868 praeceptis
529 2780 605 2861 Dei,
625 2791 658 2847 et
677 2741 731 2846 ’sic
753 2776 939 2847 cumulatas
961 2797 1039 2846 esse
1057 2798 1150 2844 cere·
1200 2714 1431 2869 ¹coniugiorum
1446 2738 1621 2868 petiisset.
1726 2717 1750 2782 P

161 2870 303 2951 manias,
337 2881 373 2935 ut
395 2867 591 2935 ludaeorum
622 2866 767 2973 sarsitus
801 2862 1008 2933 tolerabilior
1040 2862 1151 2947 merit,
1461 2952 1505 2971 ..

164 2950 1150 3149 nristst...Ytisusrntstsins
1200 2948 1868 3147 ...sustinuisses
1882 2949 2190 3147 :sunnis

163 3124 736 3298 tsiiit¹ss.⁶i.itti‘tit¹.i.⁵.
749 3124 1151 3281 insistitis:
1201 3126 1601 3301 iiiiiiffi'iii
1621 3122 2190 3293 iiz”.ittzt.itl'.sti“¹s¹t
2262 3290 2268 3297 ,

163 3301 253 3369 libus
275 3304 433 3367 oneribus
454 3308 628 3388 premunt',
662 3311 699 3368 ut
720 3298 928 3369 tolerabilior
949 3295 1049 3365 suerit
1071 3320 1151 3366 oon·
1201 3302 1279 3367 inda
1300 3301 1429 3368 etbmsi
1451 3310 1601 3367 veterum
1622 3298 1775 3389 exempla
1797 3300 2189 3385 suotemporedissimu·

164 3388 244 3455 ditio
256 3389 465 3470 ludaeorum,
488 3389 544 3475 qui
565 3398 674 3453 tamen
697 3388 825 3465 (lirinis¹
838 3384 984 3475 legibus,
1004 3407 1074 3452 uon
1090 3383 1150 3453 hu·
1201 3385 1271 3453 lata
1292 3398 1381 3472 sunt,
1405 3398 1514 3454 tumen
1536 3406 1627 3454 uuna
1647 3388 1691 3453 sd
1714 3387 1961 3453 confirmandos
1975 3387 2189 3451 maioresab·

163 3477 283 3556 manis,
304 3476 425 3541 subditi
448 3485 553 3543 erem.
608 3472 812 3560 Reprimunt
833 3474 876 3541 de
898 3474 1015 3541 ritibus
1037 3472 1152 3539 huma·
1201 3492 1284 3540 usus
1318 3494 1340 3539 n
1385 3493 1527 3560 naquam
1558 3476 1805 3539 accommodari
1834 3475 1975 3552 debent,
2008 3485 2044 3538 ut
2065 3492 2189 3558 nequa·
2219 3487 2224 3495 ·

163 3563 217 3629 nis
238 3562 361 3649 inquit:
393 3560 511 3629 'rotun
533 3559 601 3627 ltoc
622 3580 729 3649 geum
751 3580 880 3641 rerum,
902 3559 1027 3625 liberas
1049 3556 1152 3626 habet
1203 3580 1301 3648 quam
1324 3582 1367 3627 va
1381 3572 1415 3627 et
1438 3579 1521 3625 cons
1567 3562 1691 3625 nentia:
1737 3559 1947 3645 Augustinus
1970 3560 2059 3626 iubet
2080 3560 2123 3624 ad
2141 3553 2190 3623 al·

164 3650 431 3739 obseruationes.
474 3646 606 3714 Deinde
639 3648 765 3715 diserte
795 3648 888 3715 iubet
908 3643 1043 3713 inutiles
1066 3646 1150 3713 ritus
1202 3659 1276 3713 tare
1295 3578 1617 3736 precationemeieri
1638 3666 1701 3732 pro
1723 3658 1843 3725 matre,
1876 3645 1968 3733 Ergo
2001 3647 2189 3730 approben-

125 3772 145 3795 .
162 3734 328 3801 humanos
350 3736 510 3818 praecidi,
532 3732 624 3822 Ergo
645 3754 714 3801 non
736 3735 782 3799 ita
802 3736 924 3821 probat
941 3730 1151 3820 Augustinus
1202 3734 1266 3799 dae
1287 3746 1367 3801 sunt
1386 3730 1514 3800 Missae
1534 3753 1597 3818 pro
1618 3732 1767 3799 mortuis.
1802 3732 1887 3799 Aut:
1910 3731 2086 3819 Augustini
2108 3744 2189 3809 tern-

165 3823 372 3889 ceremonias
394 3822 446 3886 sui
468 3821 640 3907 temporis,
660 3833 698 3887 ut
707 3817 896 3888 Ecclesiam
917 3820 960 3886 ad
983 3840 1058 3885 eam
1072 3838 1151 3886 nor·
1201 3838 1286 3907 pore
1302 3820 1437 3907 quidam
1457 3820 1704 3886 arbitrabantur
1725 3838 1805 3885 esse
1851 3821 2072 3905 urgstorinnr,
2095 3818 2188 3904 Ergo

163 3929 250 3975 mam
273 3906 429 3974 constitui
451 3905 661 3986 velit,Multa
678 3909 766 3973 enim
787 3915 1041 3993 receptaerant,
1065 3926 1151 3993 quae
1201 3908 1440 3993 approbandae
1472 3916 1552 3973 suut
1578 3904 1724 3986 Missae,
1757 3842 2004 3994 indulgentiae,
2036 3918 2072 3972 et
2100 3903 2190 3971 aliae

114 4000 122 4017 “
163 4014 206 4061 ne
227 3994 302 4081 ipse
325 3994 457 4081 quidem
479 3993 619 4081 probat,
652 3994 717 4060 imo
751 3992 949 4078 reprehendi
971 4003 1005 4059 et
1028 3993 1151 4082 corripi
1203 3991 1427 4072 fundationes,
1457 4013 1519 4079 pro
1541 3994 1679 4059 mortuis
1697 3994 1922 4080 excogitatae.
1966 3992 2050 4058 Nam
2073 3992 2188 4077 Augu·

163 4077 247 4161 vult,
280 4080 442 4168 quaedam
471 4084 565 4147 more
590 4076 678 4145 illius
712 4081 871 4232 temporis
904 4082 1081 4159 observat,
1113 4091 1151 4147 ut
1201 4080 1280 4146 stini
1303 4092 1452 4164 tempore
1472 4080 1620 4145 neudum
1643 4091 1738 4146 erant
1759 4081 1823 4146 bae
1847 4080 2060 4165 prodigiosae
2076 4076 2188 4163 impie·

163 4187 281 4234 omnes
304 4167 535 4253 praesentibus
556 4167 704 4233 moribus
725 4188 758 4232 m
796 4178 831 4233 ta
848 4167 1088 4235 condonamus.
1201 4176 1300 4249 tates,
1321 4167 1386 4233 etsi
1406 4163 1567 4253 paulatim
1588 4167 1716 4233 semina
1737 4186 1859 4253 sparsa
1880 4176 1969 4230 sunt.

250 4336 357 4405 lluins
388 4346 498 4403 aetate
519 4340 780 4425 percrebesoere
802 4338 986 4406 Sermones
1008 4336 1151 4427 de'pur·

189 4426 296 4493 aterio
319 4436 518 4509 coeperunt,
551 4443 638 4513 quos
660 4426 734 4512 ipse
747 4422 820 4492 'uec
840 4422 964 4493 reiutat
985 4445 1049 4490 ncc
1071 4446 1151 4492 con·

164 4446 286 4594 armat,
308 4523 435 4579 tanturn
457 4521 583 4590 narrat,
603 4511 769 4597 inquiens,
792 4506 956 4598 quosdam
977 4511 1152 4577 sicexlsti·
1540 4499 1606 4583 De
1639 4496 1845 4611 Gregorio

163 4617 256 4664 mare
287 4600 423 4687 purgari
457 4599 585 4663 animas
603 4598 750 4746 giorum,
782 4611 961 4687 postquam
984 4599 1151 4666 discesse-

163 4696 240 4751 runt
272 4706 294 4751 a
338 4686 548 4769 corporibus.
630 4684 673 4749 ed
703 4682 791 4751 libro
834 4682 1084 4753 confessionum
1117 4684 1150 4752 9.
2072 4764 2075 4769 Ι

163 4772 245 4858 petit
266 4770 320 4837 lris
342 4772 457 4838 verbis
478 4771 703 4857 precationem
719 4790 783 4859 pro
800 4782 930 4839 mortue
951 4784 1071 4838 matres
1098 4770 1151 4836 ln·
1287 4767 1388 4837 Anno
1412 4766 1488 4836 otto.
1522 4768 1593 4835 iniit
1618 4767 1851 4837 Pontificatum
1874 4766 2078 4859 Gregorius,
2111 4784 2188 4833 cum

164 4858 257 4943 'spira
277 4855 422 4924 Domine
444 4858 554 4923 servis
576 4858 663 4937 tuis,
694 4868 733 4924 ut
754 4858 796 4926 ad
818 4855 923 4924 olta're
945 4859 1152 4939 meminerint
1201 4868 1317 4941 asserti
1338 4857 1447 4923 exacti
1467 4857 1547 4922 anni
1613 4866 1647 4922 st
1668 4858 1846 4943 Augustini
1868 4866 2020 4921 mortem·
2035 4854 2106 4919 toi.
2137 4852 2188 4918 lm

164 4946 279 5011 matris
308 4963 402 5009 meae
424 4956 457 5011 et
478 4945 593 5031 patris.
637 4943 712 5012 Nec
733 4946 816 5031 petit
842 4942 996 5033 amplius.
1041 4944 1152 5019 Quan-
1200 4954 1293 5011 terea
1310 4942 1512 5012 induxerant
1531 4944 1567 5027 in
1591 4940 1703 5008 taliam
1724 4940 1847 5009 multae
1869 4944 2033 5008 barbares
2055 4950 2187 5033 gentem

165 5050 263 5117 quam
286 5040 396 5097 antem
417 5029 484 5096 boc
504 5030 695 5099 remeando
716 5032 843 5109 dicitur,
857 5032 951 5118 apud¹
964 5028 1084 5112 illustr,¹
1103 5042 1152 5099 ta·
1201 5028 1316 5112 Gothi,
1337 5030 1567 5119 longobardi,
1589 5027 1761 5097 et-borum
1782 5031 1879 5095 socii.
1915 5027 2054 5095 lit-nm
2076 5024 2188 5093 solata

163 5134 240 5183 uren
271 5134 362 5182 nunc
393 5114 540 5189 eoeleste
571 5118 788 5207 detorquetur
809 5118 854 5189 ad
876 5114 1078 5219 oblationem
1098 5138 1153 5186 sa·
1201 5116 1313 5203 ¹studia
1332 5114 1755 5205 literarumcontienamnt,
1776 5110 2187 5213 etEoclssiaafnaglms
2292 5146 2309 5161 .

326 5226 788 5301 uemxruomranouxxins'
898 5228 902 5235 '
1023 5234 1026 5239 '
1201 5238 1205 5245 “
1481 5244 1485 5249 ’
1535 5224 1550 5245 ”
1630 5240 1635 5249 ”
1673 5240 1677 5247 ’
1742 5240 1748 5253 ·
1872 5226 1876 5231 ’
1978 5238 2013 5291 40
2175 5234 2178 5239 '
