4628 5588
180 200 249 272 aa
803 196 863 267 ιν.
905 155 1167 265 cumaena
1189 196 1392 267 sunnon
1412 197 1575 267 mcum
1921 280 1925 287 ,
2137 201 2204 273 aaa

267 388 369 456 Addo
402 401 436 456 et
466 388 557 455 hauc
587 389 855 455 admordtionem.
910 386 995 455 Vult
1020 387 1117 455 Deus
1144 407 1166 452 a
1304 386 1373 455 Sed
1395 390 1602 456 mendacium
1623 391 1759 476 proprie
1781 400 1844 469 est,
1868 411 1944 457 cum
1966 391 2123 473 vanitate,
2145 402 2205 459 aut

180 481 280 548 nobis
304 490 338 542 et
359 474 501 563 intelligi
523 486 556 541 et
578 478 680 541 amari
702 477 887 554 veritatem,
910 485 947 541 ut
964 478 1110 543 sciamus
1132 484 1166 539 et
1217 476 1398 562 cupiditate
1420 478 1562 542 nocendi
1583 476 1669 545 laisa
1691 477 1863 558 dicuntur,
1891 488 1949 543 aut
1971 498 2053 545 vera
2076 500 2202 567 negau-

179 569 291 652 ipsum
312 583 468 631 veracem
490 583 581 642 case,
602 565 689 628 sicut
711 559 841 628 Paulus
859 562 983 649 inquit:
1017 561 1079 628 Est
1108 580 1166 626 au·
1216 573 1281 643 tur,
1303 583 1366 628 seu
1387 561 1510 647 palam,
1533 584 1595 630 seu
1615 563 1815 652 labyrinthis
1845 563 2085 650 sophismatum
2108 568 2203 633 invo-

180 667 248 722 tem
270 649 367 717 Deus
391 671 502 716 verax.
547 648 661 736 ltaque
682 649 1010 715 et‘couaminanones
1033 659 1067 714 et
1088 668 1165 735 pro-
1215 646 1288 715 luta
1320 652 1471 729 veritate,
1505 671 1608 738 quam
1637 649 1791 717 confiteri
1823 655 2011 739 oportebat.
2064 652 2108 718 Ut
2134 673 2203 720 nou

179 740 360 809 missiones
382 739 487 823 ipsius
509 739 655 803 sciamus
679 747 770 800 ratas
789 747 823 801 et
844 736 1051 802 firmissimas
1075 755 1165 817 esse,
1216 734 1327 802 sulum
1358 748 1511 823 peccant,
1544 739 1599 825 qui
1632 737 1817 804 manifestis
1850 740 2033 817 mendaciis
2061 737 2205 807 alioruin

182 839 216 895 et
237 827 280 891 de
298 828 370 891 eius
393 822 563 891 voluntate
587 844 629 888 ex
655 823 762 909 ipsius
792 842 949 888 sermone
971 825 1164 903 iudicemus,
1217 823 1323 903 vitae,
1344 823 1472 905 saraae,
1495 836 1553 890 aut
1575 827 1678 891 rebus
1702 826 1914 905 insidiantur,
1937 839 1973 892 ut
1997 826 2079 893 Sibe
2103 847 2202 893 rene·

183 934 226 982 ac
257 914 407 978 sciamus
442 913 514 977 sine
547 907 617 976 ulla
650 909 868 988 dubitatione,
903 905 991 975 velle
1024 924 1100 981 euna
1132 911 1165 975 id
1217 923 1296 977 nata
1318 908 1483 978 calumnia
1504 912 1592 996 apud
1604 910 1766 978 Davidem
1784 911 1887 978 laedit
1905 915 2071 981 dominum
2093 933 2203 994 suum,

182 999 272 1088 quud
294 1000 399 1065 verba
421 1010 553 1062 sonant
601 994 786 1061 Promissio
821 996 1024 1078 remissionis
1047 1015 1167 1082 pecca·
1217 994 1396 1063 sedetiam
1419 996 1589 1064 cumulant
1610 997 1759 1078 scelera,
1792 1002 1848 1105 gui
1870 1011 1905 1065 et
1926 1002 2148 1081 mentiuntur,
2169 1010 2227 1088 et,

182 1099 292 1154 torum
312 1083 515 1151 universalis
538 1096 602 1164 cst,
625 1103 725 1170 quarn
743 1080 841 1147 ollert
862 1083 1016 1149 omnibus
1039 1083 1166 1170 agenti·
1217 1096 1412 1171 praetextus
1433 1083 1617 1173 alliugunt,
1650 1097 1687 1153 ut
1715 1107 1829 1173 specre
1857 1087 2007 1153 veritatis
2029 1087 2204 1153 mendacia
2267 1129 2270 1133 -

79 1206 81 1211 ·
182 1175 246 1240 bus
278 1173 518 1259 poenitentiam
546 1182 580 1236 et
602 1170 817 1235 credentibus
851 1167 1166 1250 reconciliationem,
1218 1170 1425 1256 confirment.

180 1256 226 1328 Et
258 1261 392 1346 quidem
420 1258 550 1323 sancita
583 1269 637 1323 est
668 1256 893 1322 iureiurando.
957 1257 1033 1324 Nun
1067 1258 1167 1344 igitur

181 1343 280 1413 aliam
302 1348 374 1412 eius
396 1365 555 1411 arcanam
572 1342 777 1410 voluntatem
801 1363 878 1409 esse
901 1357 1068 1431 putemus,
1090 1344 1166 1430 quia
1303 1351 1411 1420 Plena
1432 1365 1484 1420 est
1513 1364 1624 1421 autem
1646 1356 1715 1420 vita
1737 1351 1851 1419 talium
1873 1355 2113 1441 sophismatum
2135 1348 2204 1420 non

180 1432 276 1498 ⁰0⁰⁸
298 1445 351 1498 est
372 1452 492 1512 verax,
522 1451 586 1499 1¹0⁰
612 1441 691 1497 Sunt
719 1431 755 1494 ln
783 1427 860 1496 Deo
888 1433 1167 1499 wulfadictorlae
1218 1439 1252 1505 iu
1273 1440 1402 1507 iudiciis
1424 1456 1562 1522 tantum,
1581 1443 1643 1507 sed
1664 1442 1762 1507 etium
1785 1443 1817 1506 in
1840 1439 2069 1528 religionibus.
2110 1439 2204 1524 llaec

182 1517 386 1586 voluntates·
909 1546 912 1551 ’
1218 1524 1389 1593 horribilia
1422 1530 1596 1595 mendacia
1629 1530 1783 1594 execrari
1805 1541 1839 1594 et
1869 1531 1973 1594 uitare
2007 1547 2130 1614 magna
2150 1544 2215 1596 sai
2279 1545 2293 1555 ·

266 1673 432 1740 Adfirmat
453 1674 553 1738 etiam
572 1671 669 1738 Deus
691 1691 730 1737 sa
773 1671 904 1746 issime,
933 1693 971 1738 se
994 1694 1059 1740 nec
1079 1671 1172 1739 velle
1201 1628 1341 1701 ‘menna
1362 1630 1428 1696 θεῖ’
1451 1630 1485 1683 et
1507 1628 1612 1682 mus
1634 1635 1840 1694 necesm’
1863 1636 1905 1681 ³⁰
1926 1614 2008 1734 ⁰⁰⁰,
2025 1628 2131 1702 ΒΜ

181 1782 247 1827 nea
284 1762 475 1847 approbare
506 1775 691 1845 peccatum.
762 1758 792 1823 :t
820 1780 894 1843 cap.
917 1760 950 1824 8.
985 1760 1167 1828 Zachariae

183 1867 345 1935 expresse
367 1847 499 1926 dicitur,
521 1847 562 1911 de
584 1847 752 1932 peccatis:
775 1844 867 1911 llaec
889 1858 969 1912 sunt
989 1868 1074 1933 quae
1098 1849 1165 1928 odi,
1218 1893 1294 1948 ,ene

183 1935 264 2000 dicit
292 1933 467 2000 Dominus.
523 1931 608 1999 Cum
636 1944 746 1998 autem
776 1951 881 1999 verax
903 1935 947 1998 sit
970 1933 1081 2014 Deus,
1112 1935 1167 2000 iir-

184 2022 331 2086 missime
362 2020 577 2086 statuendum
609 2032 678 2099 est,
712 2018 823 2084 Deum
854 2041 1065 2107 nequaquam
1087 2042 1167 2087 esse

185 2127 322 2172 causam
350 2104 520 2172 efficacem
544 2109 672 2190 peccati
695 2109 727 2172 in
749 2106 950 2174 haminibus.

183 2190 322 2259 libertas
343 2191 455 2278 eliqua
476 2205 509 2258 et
531 2194 767 2279 contingentia.

1303 1795 1358 1862 De
1386 1797 1514 1885 paetiS,
1545 1797 1623 1863 item
1657 1798 1699 1863 de
1734 1797 1821 1862 votis
1853 1794 1973 1884 regula
2002 1769 2204 1861 uniuersalis

1217 1970 1350 2119 cienda,
1381 1972 1512 2124 efflusi
1544 1972 1610 2036 sint
1642 1972 1825 2076 promissa,
1860 1973 1938 2121 ugia
1966 1990 2034 2035 non
2057 1980 2135 2119 suffit
2155 1965 2205 2033 la·

982 2109 1046 2173 Est
1066 2110 1167 2197 igit&
1218 2059 2204 2229 lelahl'sthanhnulti:nffilathelhhlerebghhfiontetmrhhrlpitmlhhlih}
2289 2206 2300 2220 ,

1219 2227 1300 2294 ltem
1332 2232 1552 2298 iuramentum
1584 2251 1653 2296 uon
1686 2231 1811 2297 debere
1840 2251 1919 2297 esse
1947 2225 2117 2296 vinculum
2144 2229 2214 2307 ini-¹

268 2323 373 2412 Vides
396 2360 431 2413 at
451 2310 794 2415 refutandos'srotcos
816 2349 1064 2430 furores,hanc
1087 2370 1167 2416 con·
1189 2342 1193 2378 '
1219 2317 1363 2401 ‘lulum

183 2435 419 2500 siderationem
450 2436 601 2501 veritatis
635 2435 788 2512 inlleo,
820 2436 957 2503 multum
990 2438 1165 2522 prodesse.

182 2519 279 2586 Hanc
300 2522 400 2609 igitur
421 2520 679 2609 admonitionem
701 2525 744 2591 de
765 2525 905 2590 veritate
927 2525 960 2588 in
982 2522 1076 2606 lleo,
1098 2536 1167 2590 stu·
1305 2496 1377 2562 ΗΜ
1406 2517 1601 2565 ⁰⁰m¹¹¹¹¹¹¹⁰⁵
1628 2496 1768 2585 Υθιζθιὸθ
1797 2498 1865 2563 ὅῖηῑ
1893 2498 2046 2602 ⁰¹¹}”lblls
2069 2494 2205 2601 ¹¹⁰¹}825·

183 2608 269 2674 dioai
291 2628 395 2696 saepe
417 2608 577 2696 cogitent,
1218 2602 1301 2651 mae.
1347 2585 1427 2651 ldeo
1445 2598 1544 2671 pacta
1566 2596 1623 2650 aut
1644 2597 1740 2663 vota,
1769 2604 1856 2670 quae
1879 2582 2030 2669 obligant
2053 2580 2204 2647 homines

267 2762 316 2830 Ut
335 2775 446 2831 autern
469 2765 669 2830 incaeteris
700 2766 890 2851 praeceptis
917 2762 1022 2831 multo
1044 2763 1167 2831 luimus
1218 2671 1370 2822 hgcggscg
1372 2683 1446 2824 θέει,
1457 2673 1717 2825 rhhtall²¹(1¹‹ll.mpm3
1747 2667 1876 2763 custus,
1903 2684 1941 2739 m
1961 2667 2029 2737 aha
2049 2680 2204 2755 Pomm,
2247 2792 2249 2796 ⁴

181 2851 373 2931 breviores,
401 2872 501 2938 quam
523 2853 697 2917 doctrinae
727 2851 824 2916 huius
845 2848 1028 2936 amplitudo
1050 2862 1168 2938 postu·

111 2988 114 2992 Α
157 2933 242 3019 lat,
267 2939 330 3004 sed
357 2937 443 3004 haec
470 2939 620 3005 brevitas
643 2938 687 3002 ad
703 2939 803 3004 huius
825 2940 1011 3026 compendii
1033 2938 1169 3004 modum
1304 2936 1456 3006 Necesse
1484 2949 1537 3004 est
1563 2937 1666 3026 igitur
1686 2956 1746 3002 eos
1775 2936 1893 3024 quiin
1920 2937 1990 3003 vita
2016 2934 2205 3001 monastica

183 3025 441 3129 accommodata
473 3036 538 3104 est,
571 3025 618 3090 ita
639 3046 729 3091 nunc
742 3044 900 3132 quoque
917 3027 1066 3091 omittam
1094 3024 1168 3130 lon·
1219 3035 1387 3130 coguntur
1408 3027 1450 3132 ad
1473 3027 1669 3131 societatem
1690 3025 1866 3131 impiorum
1885 3023 2053 3131 cultuum,
2080 3017 2206 3128 ⁸.b.ffl⁸

182 3129 296 3215 greces
330 3109 594 3217 declarationes,
628 3132 715 3199 quae
748 3111 805 3218 hro
832 3123 1015 3179 recitantur
1046 3113 1089 3217 de
1121 3113 1168 3178 dt·
1219 3122 1381 3221 societate
1413 3114 1604 3219 discedere,
1641 3123 1730 3177 srcut
1744 3132 1971 3217 'seuerassrme
2000 3130 2110 3217 praeca
2135 3117 2221 3205 runt.

139 3195 1166 3369 1semetsemetttlstss’lttlsdst‘*
1219 3197 1765 3393 ltttt¹†‘t..tf¹lt,tt⁰lst¹:
1815 3199 1915 3367 ris,
1932 3197 2087 3370 libili.
2112 3214 2204 3348 ,tlt

267 3437 485 3546 Excusamur
513 3438 796 3548 dissimulationes
834 3439 891 3508 vel
910 3438 1167 3547 ,occultationes
1217 3370 1444 3459 Emgehm
1461 3374 1572 3455 ‘lm’
1595 3372 1774 3441 mmm
1793 3373 1850 3439 dt·

182 3523 423 3693 siletis?
443 3529 641 3704 nitent?
671 3530 944 3680 altstedi*
974 3529 1168 3680 iffi}
1335 3639 1339 3644 -
1448 3630 1451 3636 ·

182 3701 330 3780 estimo
353 3710 387 3765 et
407 3697 483 3765 aliis
506 3721 591 3788 quos
614 3716 730 3790 tegere
753 3703 932 3781 debemus,
955 3711 1106 3782 noceret,
1128 3710 1165 3766 ut
1315 3730 1378 3800 m
1398 3731 1528 3801 Nom
1548 3729 1611 3799 mv
1628 3729 1806 3800 memo
1826 3725 2104 3796 pflfflcgprpo·

182 3784 303 3854 losuae
323 3785 357 3855 h.
401 3784 498 3854 Raab
532 3800 646 3854 narrat
677 3790 803 3854 abiisse
836 3785 1077 3875 speculatores.
1121 3784 1166 3852 Et

158 3873 215 3972 .¹·
247 3870 333 3961 Reg.
366 3871 417 3940 la.
472 3872 602 3940 Michul
633 3875 789 3961 imposita
821 3887 934 3942 statua
966 3876 1000 3939 in
1032 3878 1166 3954 lectum,
1579 3939 1588 3960 ‚
1712 3903 1715 3907 ·

181 3960 365 4136 {emm
387 3956 545 4028 militibus
567 3964 686 4048 pm,
709 3974 889 4050 ,0ngoe
910 3958 1086 4027 Davidem,
1122 3958 1167 4027 Ε,
1303 3938 1437 4006 Nonum
1458 3950 1493 4004 et
1514 3938 1679 4006 decumum
1700 3938 1826 4006 addunt
1854 3935 2132 4019 declarationem,
2165 3946 2204 4004 ιιι

308 4094 317 4114 .
342 4046 394 4111 17.
417 4047 534 4114 mulier
554 4049 589 4114 in
610 4046 771 4115 &harim
791 4048 1041 4115 „nugubii-,⁸0
1063 4047 1167 4115 Davi.
1218 4027 1366 4094 scinnus
1394 4024 1470 4114 lege
1493 4025 1655 4099 Deinon
1677 4025 1787 4093 solinu
1809 4029 1852 4095 de
1873 4028 2021 4093 externis
2044 4025 2227 4111 operibus⁴
2257 4084 2260 4089 .

182 4132 235 4199 dis
256 4133 407 4212 comites.
1241 4115 1385 4199 raecipi,
1416 4115 1480 4180 sed
1519 4113 1674 4180 accusari
1708 4126 1739 4179 et
1774 4114 1924 4179 damnari
1957 4114 2054 4178 etiam
2087 4112 2203 4177 vitium

391 4245 393 4248 >
1261 4220 1362 4267 erens
1390 4201 1424 4264 in
1454 4198 1518 4265 hac
1546 4201 1727 4284 depravata
1752 4200 1923 4268 hominum
1945 4211 2081 4275 natura,
2111 4195 2203 4283 quud
2243 4215 2247 4221 ·

267 4284 370 4354 Tales
394 4286 635 4357 occultationes
653 4300 711 4355 aut
732 4287 915 4371 elusiones,
940 4309 1010 4355 nou
1031 4311 1054 4354 a
1074 4290 1166 4356 vani·
1217 4299 1343 4354 vocant
1369 4307 1508 4371 pravam
1534 4289 1851 4372 concupiscentiam.
1895 4288 2006 4371 Supra
2026 4296 2136 4349 autem
2159 4282 2202 4349 da

181 4384 250 4440 tate
272 4387 382 4455 ortae,
412 4377 474 4468 sed
495 4387 532 4441 ut
558 4372 633 4440 aliis
656 4377 802 4460 prosint,
824 4397 892 4442 non
914 4387 992 4443 sum
1014 4388 1164 4462 peccata,
1217 4370 1385 4440 vocabulo
1416 4373 1541 4439 dictum
1569 4386 1641 4453 est,
1680 4369 1913 4461 intelligendos
1941 4391 2020 4436 esse
2049 4366 2202 4434 delectus

181 4480 245 4527 nec
274 4473 367 4527 recte
396 4475 562 4530 vocantur
587 4462 777 4544 mendacia,
806 4465 866 4529 sed
895 4461 916 4528 fi
943 4483 1023 4528 urae
1040 4464 1163 4547 potius,
1217 4474 1252 4527 ct
1273 4458 1398 4542 ἀταξίαν
1415 4461 1448 4525 in
1470 4461 1624 4527 omnibus
1640 4461 1767 4526 viribus
1785 4473 1817 4525 ct
1837 4457 2111 4544 appetitionibus:
2134 4476 2202 4523 nun

182 4559 215 4612 et
238 4544 413 4615 officiosae
436 4546 729 4615 dissimulationes.
780 4549 837 4617 Sic
860 4562 894 4618 et
916 4485 1043 4637 hguras
1065 4568 1164 4635 voco,
1216 4548 1439 4634 appetitiones
1460 4549 1567 4634 ipsae,
1589 4545 1707 4634 quales
1729 4549 1763 4611 in
1786 4559 1903 4612 natura
1935 4544 2089 4611 conditae
2111 4554 2201 4611 suut·

181 4632 348 4722 apologos
386 4648 419 4701 et
453 4641 608 4721 poemata
641 4637 783 4702 docendi
824 4657 928 4703 causa
966 4637 1163 4721 composita,

1296 1897 1389 1964 atur,
1422 1883 1547 1950 lniusta
1578 1903 1642 1950 nec
1675 1884 1895 1968 promittenda
1929 1904 2025 1961 esse,
2060 1903 2123 1948 nec
2155 1878 2204 1947 se
2297 1901 2305 1919 ¹

181 4740 267 4806 quae
300 4724 343 4787 ab
375 4721 452 4796 aliis
485 4725 604 4788 iocosa
625 4724 798 4788 mendacia
820 4725 993 4803 dicuntur,
1016 4744 1091 4787 cum
1114 4743 1164 4787 re·
1301 4719 1374 4786 Nec
1396 4731 1523 4786 tantum
1546 4721 1746 4786 damnantur
1767 4716 1845 4783 mali
1866 4715 2026 4795 allectus,
2048 4716 2092 4781 ad
2114 4737 2200 4803 quos
2298 4732 2300 4740 '

181 4827 264 4872 vera
296 4808 363 4874 sint
395 4806 572 4875 officiosae
604 4811 833 4890 narrationes,
871 4832 958 4897 quac
994 4811 1165 4874 continent
1216 4807 1363 4873 accessit
1391 4822 1596 4886 consensus,
1626 4817 1662 4870 ut
1688 4805 1845 4871 monachi
1878 4818 1912 4868 et
1942 4801 2113 4868 Pharisaei
2143 4803 2202 4869 do·

180 4894 344 4982 imagines
367 4907 401 4961 et
421 4897 584 4981 picturas,
604 4916 684 4967 ,non
707 4896 749 4961 ad
783 4897 971 4962 nocendum
994 4898 1164 4985 excogita·
1217 4907 1373 4972 cuerunt,
1407 4895 1469 4961 secl
1496 4891 1553 4959 illa
1579 4893 1652 4978 ipsa
1685 4889 1774 4958 mala
1806 4890 2200 4969 nobiscum-nascentia,

181 4991 246 5060 tas,
269 4982 330 5047 sed
352 4994 387 5048 ut
418 4982 619 5089 significatio
649 4984 693 5047 sit
715 4979 896 5061 illustrior,
924 4995 961 5048 ut
989 4980 1098 5070 qualis
1121 4984 1164 5049 sit
1216 4977 1345 5047 scilicet
1367 4976 1517 5046 desectus
1541 4992 1574 5045 et
1595 5000 1720 5063 pravae
1741 4976 1984 5056 inclinationes,
2006 4979 2040 5043 id
2063 4989 2127 5055 cst,
2147 4995 2201 5040 ca·
2283 5016 2289 5023 ·

178 5078 356 5155 tyrannus,
380 5065 503 5136 clarius
526 5069 747 5155 conspicitur,
776 5067 944 5154 curalupi
966 5082 1024 5137 aut
1046 5070 1164 5137 draco-
1215 5063 1285 5154 ligo
1314 5068 1357 5131 de
1378 5066 1453 5131 Deo
1483 5069 1517 5133 in
1542 5079 1672 5145 mente,
1702 5067 1837 5133 aversio
1863 5061 2046 5130 voluntatis
2067 5084 2089 5129 a
2111 5060 2201 5144 Deo,

181 5154 234 5219 uls
255 5154 398 5242 imagine
419 5156 576 5244 pingitur.
1063 5150 1067 5157 ⁴
1215 5165 1250 5219 et
1271 5154 1481 5221 coutumacia
1502 5152 1663 5219 incorde
1684 5172 1877 5241 repugnans
1899 5149 1968 5239 legi
1980 5148 2065 5216 Det
