4628 5588
170 158 232 228 18⁷
273 243 278 287 Ι
338 208 341 213 -

169 337 288 426 =oendtti
305 358 455 434 peccata,
477 347 667 414 exercmda
688 357 804 426 estet
823 347 909 414 baec
925 347 1145 434 estprcprius

169 433 281 501 cultus
302 437 442 519 piorum.
1146 476 1149 483 -

211 637 218 651 ι
254 605 582 671 Habeamus'autem
603 605 640 668 in
662 615 849 707 corispectu
869 605 1034 689 quaedam
1051 601 1146 669 firma

168 704 202 757 ct
222 688 365 757 illustria
385 692 574 757 testimonia
596 692 637 757 de
658 689 724 755 hac
745 691 811 755 hde
832 700 866 754 ct
888 691 929 755 de
950 690 1145 756 remissione

166 792 393 865 peccatorum,
411 791 448 842 ut
470 778 576 863 magis
598 777 788 842 confirmari
804 787 943 855 mentes,
964 787 999 840 et
1010 777 1146 840 excitari

168 865 211 928 ad
233 862 332 929 fidem
353 874 386 928 ct
403 865 643 928 invocationem
662 863 805 947 possint.
827 862 989 927 Actorum
1001 861 1145 926 decimos

167 948 253 1015 Huic
275 968 391 1016 omnes
413 944 600 1034 Prophetae
622 949 842 1014 testimonium
871 946 1061 1031 perhibent,
1096 965 1147 1010 re-

167 1036 357 1100 missionem
399 1047 613 1120 peccatorum
645 1036 798 1119 accipere
830 1054 891 1119 per
922 1053 1043 1099 nomen
1075 1034 1146 1098 eius

168 1140 284 1186 omnes
307 1117 364 1206 qui
386 1121 580 1186 credentia
603 1140 687 1186 eum.

254 1250 434 1357 Sciendum
456 1301 509 1356 est
530 1303 563 1356 et
583 1288 676 1370 illud,
711 1311 787 1356 cum
807 1288 873 1355 hac
890 1290 956 1355 lida
978 1310 1041 1355 nos
1073 1309 1175 1401 sus-5

168 1388 343 1456 tentamus,
366 1376 474 1442 dariS
499 1378 606 1442 iritum
629 1388 781 1441 sanctum
803 1396 863 1461 per
884 1378 1042 1452 verbum,
1055 1376 1147 1440 iuxta
1170 1407 1174 1429 ι

167 1460 248 1528 illud
259 1460 354 1528 Pauli
378 1464 420 1527 ad
434 1463 486 1526 Ga
521 1476 590 1528 tas:
613 1462 659 1527 Ut
680 1463 934 1547 promissionem
946 1461 1071 1547 Spiritu
1092 1481 1147 1524 ac-

92 1584 96 1591 ·
168 1550 329 1633 cipiamus
347 1569 407 1633 per
425 1548 534 1614 fidem.
577 1548 661 1612 Nam
678 1548 820 1632 Spiritus
843 1561 980 1612 sanctus
1003 1560 1055 1611 est
1076 1543 1146 1609 effi·

168 1655 229 1698 cas
251 1636 284 1698 in
308 1631 535 1699 consolatione
556 1655 615 1718 per
638 1636 776 1699 verbum
801 1630 984 1719 Evangelii.
1033 1632 1146 1704 Quare

168 1740 243 1784 cum
265 1717 511 1804 nosEvangelii
530 1732 562 1783 et
584 1717 802 1784 absolutionis
826 1720 1027 1804 cogitatione
1050 1718 1145 1803 erigi·

165 1825 251 1882 mus,
287 1809 383 1870 (latur
405 1805 548 1888 Spiritus
581 1817 730 1869 sanctus.
774 1802 898 1869 Postea
931 1805 1026 1888 sequi
1048 1805 1145 1867 etiam

36 1884 39 1889 ’
105 1896 107 1900 ’
167 1891 267 1955 dehet
288 1911 377 1954 nova
398 1891 599 1968 obedientia,
620 1892 708 1954 sicut
730 1891 888 1973 scriptum
912 1903 981 1953 est:
1006 1888 1143 1953 Debito-

110 1992 118 2001 ·
166 1996 222 2040 res
244 1996 371 2053 sumus,
394 1995 437 2039 ne
459 1976 640 2040 secundum
663 1994 796 2040 carnem
820 1977 981 2039 vivamus.
1004 1973 1040 2037 Si
1058 1974 1144 2038 enim

166 2063 349 2126 secundum
378 2081 510 2125 carnem
533 2062 697 2138 vixeritis,
718 2061 910 2124 moriemini.
955 2059 997 2121 Et
1019 2060 1062 2121 ad
1081 2060 1145 2123 Co·

167 2146 322 2212 cinthios:
346 2143 506 2223 Adulteri,
530 2146 726 2223 homicidae,
749 2166 816 2208 riou
839 2146 1058 2229 possidebunt
1096 2164 1145 2208 re·

191 2254 269 2296 num
300 2228 376 2296 Dei.
432 2229 515 2295 Cum
559 2229 624 2293 fide
657 2232 855 2317 agnovimus
888 2229 1146 2295 misericordiam

201 2320 231 2382 ei
264 2330 297 2381 et
330 2314 525 2382 beneficium
547 2313 690 2395 Christi,
724 2328 792 2380 tum
825 2317 928 2381 corda
955 2312 1146 2399 impellente

168 2403 292 2487 Spiritu
314 2414 432 2468 sancto
455 2402 633 2467 subiiciunt
654 2422 693 2467 se
715 2400 802 2479 Deo,
825 2412 859 2467 et
881 2402 1070 2486 concipiunt
1088 2402 1146 2465 bo·

131 2508 152 2523 “
166 2509 246 2554 num
267 2496 502 2573 propositum,
516 2499 554 2551 ut
574 2484 677 2573 vulgo
697 2489 826 2566 dicitur,
848 2489 881 2553 id
904 2499 968 2579 est¹
988 2486 1147 2571 incipiunt

168 2575 305 2639 obedire
315 2573 392 2639 Deo
411 2575 502 2638 iuxta
523 2573 594 2638 eius
617 2575 766 2652 verbum,
791 2584 824 2638 et
845 2593 1032 2659 repugnare
1049 2567 1144 2636 malis

168 2661 414 2745 cupiditatibus,
436 2679 479 2723 ne
500 2671 618 2724 contro
642 2662 877 2724 conscientiam
899 2657 1031 2724 saciant.
1073 2656 1146 2721 lloc

67 2775 75 2792 ·
169 2747 290 2819 bonum
313 2746 523 2830 propositum
545 2756 597 2810 cst
617 2744 784 2811 inchoatio
806 2744 1144 2818 novaeohedientiae,

168 2830 397 2916 complectens
421 2834 529 2897 bonos
550 2842 661 2896 motus
685 2834 828 2897 omnium
850 2834 1024 2909 virtutum,
1050 2831 1145 2894 timo·

167 2938 249 2996 reip,
273 2917 495 2995 dilectionem,
517 2918 717 3002 patientiam,
741 2919 1002 2994 invocationem,
1034 2912 1146 2980 officia

165 3002 367 3082 dilectionis,
391 3005 589 3082 castitatem,
613 3005 792 3068 veritatem.
837 3004 909 3068 Nec
927 3004 1000 3066 sinc
1021 3001 1087 3065 tide
1109 2999 1146 3064 fit

166 3091 290 3154 bonum
311 3091 529 3173 propositum.
552 3089 636 3153 Nam
661 3090 813 3153 contritio
836 3091 908 3152 sine
929 3088 996 3153 lide
1018 3098 1145 3151 estter·

166 3195 236 3254 ror,
260 3176 315 3258 qui
338 3176 425 3257 parit
445 3176 704 3260 indignationem
725 3176 889 3240 adversus
901 3173 1020 3252 Deum,
1044 3172 1144 3236 etde·

166 3261 408 3345 sperationem,
440 3278 509 3324 non
528 3261 616 3343 parit
638 3260 847 3326 dilectionem
870 3260 934 3324 Dei
957 3274 989 3324 et
1010 3260 1144 3322 invoca·

166 3346 299 3412 tionem.
344 3346 414 3412 Sed
444 3355 622 3431 postquam
644 3346 773 3410 accedit
794 3346 891 3424 fides,
925 3346 1045 3410 deinde
1067 3364 1144 3409 con-

165 3433 256 3497 tritio
279 3430 316 3497 lit
337 3435 435 3496 timor
456 3428 583 3509 filialis,
616 3444 651 3496 et
672 3434 794 3497 bonum
818 3451 902 3514 opus
925 3452 966 3494 ao
987 3430 1145 3495 sacrifici·

165 3539 233 3597 um,
255 3519 342 3582 sicut
363 3519 468 3602 inquit
490 3516 660 3583 Psalmus:
684 3516 889 3582 Sacrificimu
911 3515 986 3581 Deo
1009 3517 1145 3598 spiritus

167 3600 423 3682 contribulatus,
457 3626 518 3669 cor
551 3605 728 3670 contritum
760 3616 793 3668 et
826 3600 1028 3682 humiliatum
1051 3601 1145 3666 Deus

161 3709 233 3771 ¹nou
257 3690 431 3774 despicies.
465 3689 551 3754 Hinc
567 3687 707 3775 intelligi
728 3700 855 3774 potest,
878 3709 1011 3773 semper
1031 3708 1145 3751 veram

165 3774 401 3858 poenitentiam
418 3796 536 3858 parere
558 3778 646 3841 bona
669 3796 783 3858 opera,
806 3786 843 3840 ut
863 3773 949 3840 ulter
969 3772 1056 3839 latro
1070 3793 1145 3837 cru·

167 3857 286 3923 cisuvus
309 3879 383 3923 cum
406 3859 553 3939 Christo,
586 3860 686 3926 habet
708 3861 957 3938 contritionem,
991 3859 1144 3945 agnoscit

167 3946 255 4009 enim
276 3963 372 4009 suum
389 3957 573 4028 peccatum,
591 3945 691 4011 habet
713 3959 746 4010 et
768 3945 878 4024 fldem,
901 3967 976 4011 cum
994 3945 1146 4031 agnoscit

166 4027 336 4095 Christum
360 4049 437 4094 esse
459 4028 682 4109 salvatorem,
704 4030 775 4096 Nec
799 4033 889 4115 enim,
906 4031 978 4096 era't
1000 4032 1145 4095 obscura

166 4114 292 4181 Christi
315 4115 478 4202 cognitio,
513 4136 599 4200 quae
632 4113 689 4180 tali
710 4130 858 4200 tompore
879 4118 1051 4200 praedicat
1070 4135 1144 4179 eom

166 4220 245 4269 esse
266 4199 487 4281 Salvatorem,
508 4221 550 4269 ac
571 4220 714 4269 neccsse
735 4215 788 4265 est
809 4204 842 4265 in
864 4205 974 4266 animo
996 4202 1067 4266 eins
1089 4220 1144 4264 ac·

166 4307 304 4354 censum
321 4284 427 4352 luisse
449 4283 618 4351 excellens
639 4284 761 4351 lumen.
791 4286 894 4352 Audit
915 4289 1011 4354 etiam
1034 4288 1143 4351 Abso-

163 4366 323 4437 lutionem
346 4384 379 4438 et
399 4370 630 4459 Evangelium,
661 4383 698 4437 ut
719 4369 804 4436 fides
826 4375 898 4438 eius
920 4373 1143 4437 confirmetur.

165 4456 258 4522 llaec
290 4460 364 4541 ipsa
386 4461 564 4524 conversio
592 4470 645 4523 est
666 4456 833 4523 inchoatio
855 4478 965 4524 novae
988 4458 1143 4522 obedien·

73 4606 76 4612 .
166 4543 251 4619 tiae,
283 4540 468 4608 dilectionis
491 4552 535 4609 et·
551 4545 630 4609 boni
652 4545 825 4628 propositi,
848 4564 934 4630 quae
955 4556 1033 4608 sunt
1054 4544 1143 4607 bona

168 4645 281 4709 opera.
303 4627 477 4693 Accedunt
499 4640 532 4694 et
554 4641 693 4699 externa
710 4649 814 4713 opera
830 4627 1142 4716 maximegloriosa‚

167 4711 333 4776 invocatio
345 4726 377 4776 et
400 4713 568 4780 confessio
581 4713 782 4793 d'eChristo,
804 4734 892 4800 quae
913 4727 1030 4780 contra
1054 4712 1142 4779 blas·

168 4793 318 4945 meuriss
350 4797 513 4880 defendit,
546 4797 689 4887 gloriam
720 4801 804 4866 eius.
858 4800 938 4864 ltem
973 4796 1142 4864 confessio

166 4900 307 4964 pecca.

788 155 900 223 run.
920 126 1233 227 urna'scavera
1253 159 1531 228 nonnanes

2038 168 2180 243 11oe

1416 353 1492 439 on
1553 307 1962 444 Amonunosa
2046 398 2050 407 ι
2184 302 2187 309 ’

1292 621 1427 688 Pdvata
1476 619 1643 688 absolutio
1682 584 1734 690 est
1771 623 1904 691 illustra
1941 629 2176 705 testimoninm,

1197 709 1378 813 ostendens
1398 710 1432 813 in
1454 706 1638 814 Evangelio
1659 711 1843 777 institutum
1860 730 1938 781 csse
1959 716 2178 784 ministeriun

1196 797 1411 860 annunnandr
1433 815 1661 860 remissionem
1672 809 1886 879 peccatorum
1908 796 2019 865 multis
2040 810 2099 867 aut
2109 802 2178 868 sia·

1243 877 1298 959 lis,
1320 882 1411 944 iuxta
1432 877 1528 945 illude
1562 879 1711 955 Quorum
1732 884 1926 948 remiseritis
1947 898 2088 968 peccata
2109 899 2176 955 etc.

1196 963 2179 1142 audiisti.tiittszitdtitissttliihls

1112 1154 1115 1158 ’
1197 1139 1286 1203 sicut
1315 1150 1446 1202 caetera
1468 1136 1683 1203 Sacramenta
1711 1150 1830 1204 sunta
1875 1136 2068 1220 licationes,
2090 1160 2201 1229 quae·

1198 1233 1363 1287 testantur
1395 1224 1439 1287 ad
1471 1221 1623 1308 si'ngulos
1653 1227 1816 1309 pertinere
1868 1226 2011 1314 vangelii
2038 1231 2179 1312 promis·

1197 1309 1335 1372 sionem.
1380 1308 1492 1381 Quare
1524 1309 1654 1393 privata
1686 1307 1895 1376 absolutione
1927 1314 2085 1378 utendum
2113 1324 2177 1378 eat.
2226 1306 2233 1317 ’

1197 1393 1336 1479 Semper
1358 1406 1467 1459 autem
1489 1397 1732 1469 meminerimus
1760 1397 1946 1464 addendam
1966 1418 2045 1464 esse
2066 1397 2179 1478 fidem,

1198 1499 1283 1564 quae
1306 1499 1385 1543 vere
1409 1480 1523 1544 credat
1545 1482 1620 1545 voci
1634 1480 1822 1567 Evangelii,
1844 1503 1930 1567 quae
1952 1482 2056 1549 nobis¹
2072 1481 2179 1568 appli-

1198 1576 1302 1641 catur,
1324 1577 1356 1628 ct
1376 1567 1548 1636 annuntiat
1570 1568 1797 1631 remissionem
1811 1583 2024 1652 peccatorum
2038 1580 2178 1653 propter

1197 1647 1376 1730 Christum,
1399 1663 1431 1716 et
1453 1671 1527 1716 cum
1551 1653 1746 1736 obstrepunt
1767 1654 1988 1739 cogitationes
2007 1653 2096 1734 illae,
2117 1653 2178 1720 hu·
2261 1668 2269 1681 ⁸

1195 1756 1325 1800 manem
1348 1739 1574 1801 remissionem
1595 1739 1720 1803 irritam
1741 1751 1799 1804 aut
1810 1741 1969 1805 incertam
1986 1759 2077 1820 esse,
2100 1758 2178 1806 eum

1197 1820 1305 1915 solius
1337 1820 1402 1886 Dei
1435 1824 1479 1888 sit
1511 1825 1679 1888 remittere
1711 1837 1868 1909 peccata,
1900 1828 2092 1891 revocanda
2123 1838 2180 1891 est

1197 1927 1293 1973 mens
1329 1910 1371 1973 ab
1400 1909 1454 1972 his
1482 1911 1741 1995 cogitationibus
1763 1912 1807 1975 ad
1828 1908 2057 1998 Evangelium.
2100 1911 2179 1976 Non

1204 1995 1290 2058 enim
1311 1995 1442 2059 remittit
1462 1996 1578 2073 homo,
1610 1996 1673 2060 sed
1694 1996 1810 2101 Deus,
1834 1999 1890 2082 qui
1910 2018 2005 2061 suam
2025 1994 2179 2064 volunta·

1196 2077 1316 2143 tem'in
1334 2078 1517 2166 Evangelio
1541 2084 1724 2164 proposuit,
1747 2095 1781 2147 et
1801 2085 1940 2147 instituit
1951 2084 2177 2161 ministerium,

1195 2175 1231 2227 ut
1253 2166 1429 2248 promissio
1452 2167 1555 2249 ipsius
1578 2168 1675 2247 nobis
1698 2170 1909 2233 annuntietur
1926 2179 1990 2234 eto.
2024 2166 2068 2233 Et
2084 2189 2175 2233 man·

1196 2251 1286 2313 davit
1307 2253 1516 2333 promissioni
1540 2253 1641 2315 credi.
1674 2253 1732 2317 Sic
1753 2274 1813 2338 per
1835 2256 2049 2319 ministerium
2066 2255 2101 2319 in
2119 2256 2175 2320 ba·

1197 2338 1316 2420 ptismo
1338 2339 1548 2402 remittuntur
1570 2350 1718 2423 peccata.

1436 2599 1511 2749 na
1546 2643 1936 2752 courassmua.
1999 2604 2005 2617 ¹

1282 2947 1459 3015 Confessio
1483 2969 1569 3035 quac
1591 2948 1627 3013 lit
1645 2949 1732 3030 Deo,
1755 2962 1807 3015 est
1827 2952 1901 3035 ipsa
1913 2952 2076 3032 contritio,
2101 2972 2177 3019 cum

1197 3036 1263 3103 lide
1284 3047 1416 3122 petente
1439 3038 1665 3101 remissionem
1683 3050 1906 3122 pcccatorum.
1941 3037 1994 3103 Dc
2013 3037 2078 3103 hac
2097 3059 2177 3104 con·

1196 3121 1344 3189 sessione
1371 3119 1517 3207 loquitur
1545 3121 1714 3186 Psalmus=
1745 3123 1823 3187 Dixi
1850 3123 2035 3189 confitebor
2057 3126 2177 3189 adver-

1195 3229 1270 3277 sum
1292 3229 1346 3274 me
1367 3209 1559 3273 iniustitiam
1587 3230 1692 3273 meam
1721 3208 1886 3288 Domino,
1914 3220 1947 3274 et
1974 3222 2008 3275 tu
2037 3211 2177 3274 remittis

1195 3298 1390 3380 impietatem
1419 3297 1548 3378 peccati
1569 3297 1648 3373 mei,
1672 3296 1795 3372 idest,
1820 3316 1894 3359 cum
1916 3295 2176 3380 perterrefactus

1195 3401 1345 3466 agnosco
1373 3400 1426 3444 me
1454 3401 1531 3445 esse
1561 3401 1670 3458 veum,
1699 3399 1761 3444 nec
1784 3379 1916 3445 confido
1945 3401 2020 3451 mea
2040 3382 2177 3459 iustitia,

1196 3470 1257 3532 sed
1291 3465 1447 3555 confugio
1482 3467 1525 3530 ad
1557 3467 1755 3550 promissam
1787 3467 2063 3545 misericordiam,
2096 3486 2177 3531 vere

1195 3555 1332 3639 impetro
1355 3553 1592 3616 remissionem.
1626 3551 1668 3615 Et
1684 3552 1739 3616 hic
1758 3549 1941 3616 versiculus
1952 3549 2076 3617 Psalmi
2097 3572 2176 3638 pro·

1196 3642 1286 3723 ponit
1307 3636 1437 3702 illustre
1458 3635 1645 3722 exemplum
1668 3638 1900 3711 conversionis
1922 3649 1956 3702 et
1977 3657 2078 3703 verae
2096 3656 2176 3702 con·

1195 3725 1365 3791 sessionis.

1282 3877 1351 3942 Sed
1372 3873 1439 3940 alia
1460 3873 1629 3940 consessio
1653 3888 1705 3940 est
1734 3875 1937 3940 enumeratio
1966 3871 2177 3954 delictorum,

1196 3983 1281 4049 quae
1302 3962 1340 4027 fit
1362 3961 1548 4026 Sacerdoti.
1597 3959 1692 4026 llaec
1715 3962 1917 4025 enumeratio
1944 3982 2011 4026 non
2040 3971 2092 4024 est
2118 3979 2176 4024 ne·

1197 4050 1362 4126 cessaria,
1393 4047 1470 4130 quia
1492 4066 1555 4109 nec
1583 4047 1694 4128 praeci
1720 4047 1785 4110 itur
1813 4044 2007 4123 aChristo,
2037 4065 2101 4110 nec
2122 4057 2177 4111 est

1196 4130 1377 4219 possibilis,
1405 4134 1495 4195 iuxta
1521 4129 1618 4195 illude
1648 4069 1781 4195 Delicta
1807 4132 1882 4216 quia
1913 4128 2090 4216 intelligite
2133 4130 2177 4194 lit

1195 4232 1305 4285 tamen
1327 4238 1403 4284 cum
1423 4213 1591 4282 absolutio
1612 4219 1755 4301 petenda
1777 4219 1836 4295 sit,
1864 4217 2004 4282 ministri
2030 4217 2176 4282 adeundi

1195 4318 1287 4384 sunt,
1306 4316 1340 4369 et
1358 4302 1598 4369 ostendendum
1609 4322 1673 4368 nos
1685 4321 1874 4389 agnoscere
1884 4303 1967 4367 iram
1979 4300 2044 4367 Dei
2055 4302 2177 4368 adver·

1194 4412 1254 4456 sus
1276 4401 1393 4455 nostra
1416 4400 1574 4470 peccata,
1596 4400 1629 4452 et
1646 4403 1771 4474 petere,
1794 4398 1831 4452 ut
1851 4408 1970 4454 vocem
1999 4382 2178 4474 Evarigalii

1194 4477 1292 4554 nobis
1313 4475 1517 4559 impertiant,
1540 4485 1574 4538 et
1596 4476 1710 4538 testari
1727 4495 1792 4538 nos
1810 4473 1966 4558 deinceps
1983 4475 2092 4537 bonos
2110 4469 2179 4538 stu·
2294 4520 2299 4529 .

1194 4574 1268 4627 ctus
1291 4561 1508 4644 poenitentiae
1531 4557 1680 4624 facturos
1703 4578 1791 4624 esse.
1837 4558 1895 4623 Sic
1908 4554 2178 4624 deconsessione

1193 4643 2177 4815 s.”l²t.l:⁵id3¹.l¹⁸..h³.;.‚habitasses&

1194 4838 1269 4882 cum
1290 4818 1353 4880 ait:
1375 4815 1413 4881 Si
1435 4835 1619 4881 conversus
1640 4813 1740 4880 luerit
1760 4826 1795 4879 at
1817 4827 1851 4880 te
1870 4816 2001 4880 dicens:
2022 4811 2175 4880 Poenitat

1194 4923 1257 4980 me,
1282 4903 1406 4967 dimitte
1428 4897 1531 4967 illum.
1574 4901 1659 4966 Nam
1683 4902 1969 4966 contemnentibus
1991 4900 2074 4964 iram
2097 4898 2175 4977 Dei,

1194 4989 1250 5074 qui
1282 4999 1498 5073 perseverant
1530 4989 1563 5051 in
1597 4985 1732 5073 flagitis
1765 4997 1884 5052 contra
1923 4986 2174 5066 conscientiam,

1193 5092 1262 5141 aon
1283 5083 1336 5138 cst
1355 5072 1575 5159 impartienda
1593 5068 1771 5140 absolutio.
2019 5070 2034 5083 ‘
2219 5068 2225 5080 '
