4628 5588
43 196 212 293 ‚rar

766 200 881 268 anu.
903 198 1007 303 ntur.
1031 194 1220 267 sontem
1239 196 1518 267 uoauartcn.

2020 182 2159 262 'tat

94 434 106 448 -
148 390 222 462 etta,
256 409 323 454 non
346 399 424 455 sunt
444 387 734 473 reprehendenda,
767 391 867 455 modo
889 400 925 454 ut
946 389 1128 454 ministerio
1177 390 1344 474 proprius,
1367 400 1400 453 et
1422 388 1571 452 actiones
1593 385 1758 453 humanae
1779 386 1812 450 in
1834 384 1899 451 lrac
1921 374 2081 450 varietate
2103 405 2157 450 ae·

146 474 282 562 publico
306 496 402 541 suum
422 474 584 541 honorem
601 477 796 540 tribuamus.

398 833 536 898 ALlA
570 834 877 908 QUAEsrto.

145 1061 257 1165 Quid
302 1062 560 1145 sentiendum
607 1074 670 1144 est
714 1064 767 1146 de
808 1065 1126 1147 ordinationibus

483 1181 798 1267 Ecclesiasticisl

232 1460 362 1551 Regula
391 1467 533 1531 tenenda
567 1475 638 1544 est,
667 1487 753 1551 quae
787 1478 880 1533 extat
912 1472 1002 1554 apud
1031 1468 1126 1534 Esai-

145 1572 211 1630 am,
244 1563 277 1614 et
305 1573 327 1616 a
348 1549 483 1617 Christo
517 1552 657 1636 repetita
678 1567 751 1618 estr
796 1550 930 1619 Nullum
959 1575 1043 1639 opus
1073 1575 1126 1619 es·

144 1657 184 1703 se
221 1634 343 1702 cultum
384 1636 468 1714 Dei,
514 1639 604 1723 quod
634 1634 727 1703 Deus
760 1660 828 1704 non
861 1643 973 1724 praeci
999 1643 1022 1704 it
1062 1661 1125 1704 suo

143 1725 259 1790 verbo.
311 1722 396 1786 Nam
429 1744 471 1787 ne
510 1744 658 1789 erremus
692 1726 734 1788 de
773 1722 944 1791 voluntate
1012 1728 1059 1806 ei,
1094 1738 1126 1791 et

144 1809 186 1874 de
219 1810 309 1873 veris
345 1804 499 1879 cultibus,
532 1806 627 1873 Deus
655 1821 783 1878 tentum
816 1808 893 1877 illos
927 1811 1037 1877 cultus
1070 1833 1126 1896 ap-

141 1895 274 1982 probat,
309 1914 394 1979 quos
416 1895 487 1979 ipsc
518 1913 579 1959 suo
602 1897 707 1960 verbo
735 1898 882 1961 instituit.
916 1897 1011 1962 Sicut
1033 1896 1127 1962 Chri·

143 1993 217 2045 stus
235 1982 354 2065 inquit:
377 1980 515 2044 Frustra
540 1978 652 2044 colunt
674 2003 727 2046 me
754 1984 917 2047 mandatis
944 1982 1125 2048 hominum.

141 2064 195 2130 Ac
216 2068 328 2130 statim
352 2064 520 2129 horrenda
543 2064 651 2151 caligo
676 2067 853 2131 offunditur
870 2067 1037 2133 bominum
1058 2069 1126 2133 ani·

141 2152 221 2230 mis,
261 2172 335 2215 cum
369 2152 530 2234 obstrepit
570 2154 679 2236 opinio
714 2172 754 2216 ex
788 2151 938 2218 consiliis
972 2152 1124 2217 humanis

140 2255 245 2387 plosse
266 2236 404 2300 iudicari
426 2238 468 2300 de
491 2235 662 2301 voluntate
690 2237 773 2315 Dei,
807 2253 839 2303 et
856 2240 982 2304 institui
1005 2236 1123 2303 cultus.

34 2380 37 2385 .
173 2342 215 2388 oo
248 2323 372 2386 initium
402 2319 462 2386 fuit
495 2324 528 2386 in
555 2324 678 2387 mundo
701 2322 878 2388 idolorum.
945 2325 1008 2390 llic
1031 2345 1125 2388 error

58 2424 61 2429 '
142 2405 278 2491 depellit
305 2418 433 2470 mentes
465 2428 486 2472 a
519 2429 600 2473 vcra
622 2408 862 2489 consolatione,
894 2412 970 2494 quia
991 2412 1125 2474 abducit

141 2512 201 2557 eas
224 2514 244 2556 a
266 2494 370 2558 verbo
393 2494 468 2571 Dei,
491 2504 567 2558 eta
589 2515 668 2559 vera
691 2496 843 2561 doctrina
864 2496 951 2560 fidei.
1002 2494 1124 2559 lntelli·
1190 2549 1197 2564 .

142 2590 228 2664 gunt
251 2590 361 2643 autem
384 2580 471 2663 irnpii
495 2571 617 2644 cultum
641 2579 705 2645 Dei
730 2602 832 2666 oan,
866 2583 954 2667 quod
978 2594 1124 2647 meretur

122 2738 125 2743 ,
142 2664 419 2731 condonationem
442 2677 669 2749 peccatorum,
689 2679 721 2731 et
743 2666 809 2731 alia
832 2670 978 2751 praemia
992 2669 1122 2735 ,divini-

1177 487 1281 540 tatum
1305 485 1376 539 ctn
1421 475 1577 563 otiorum,
1598 469 1769 558 postulant
1791 474 1979 537 discrimina
1995 473 2158 555 quaedam

1178 573 1375 645 temporum,
1422 580 1570 639 ocorum,
1600 570 1633 623 et
1656 560 1898 637 exercitiorum,
1915 572 1952 623 ut
1973 559 2005 620 in
2031 555 2157 623 subolis

1178 649 1353 712 distinctae
1374 657 1451 711 sunt
1473 644 1613 723 classes,
1646 656 1723 708 sunt
1744 645 1869 728 gradus
1891 643 2080 709 lectionum.
2108 643 2158 707 lta

1179 745 1215 797 ut
1236 736 1322 797 sciat
1342 730 1497 817 populus,
1522 732 1654 816 qnando
1678 730 1942 795 conveniendum
1971 731 2011 793 sit
2035 730 2080 793 ad
2100 750 2158 793 au·

1179 821 1316 883 diendas
1336 820 1529 894 conciones,
1551 828 1583 880 et
1605 817 1648 879 ad
1659 836 1755 879 usum
1776 818 2077 894 sacramentorum,
2100 811 2158 879 ali·

1178 907 1234 990 qui
1257 906 1329 969 dies
1352 905 1543 968 nominatim
1565 901 1616 965 his
1639 904 1741 965 rebus
1764 902 1920 967 destinati
1941 914 2029 966 sunt.
2095 898 2158 964 llic

1178 992 1262 1056 ordo
1295 1002 1407 1075 potest
1439 991 1513 1052 sine
1545 988 1780 1073 superstitione
1810 990 1949 1053 servari.
2015 985 2059 1051 Et
2079 987 2158 1072 quia

1179 1078 1284 1141 servit
1305 1076 1485 1140 ministerio
1503 1072 1698 1161 Evangelii,
1724 1094 1790 1139 non
1814 1085 1866 1137 est
1889 1071 2076 1138 violandus.
2114 1070 2158 1136 Et

1179 1165 1234 1248 qui
1252 1160 1390 1239 violant,
1412 1163 1457 1225 ita
1480 1172 1517 1227 ut
1538 1160 1593 1225 vel
1615 1169 1751 1245 propter
1771 1161 1882 1224 odium
1904 1154 2076 1243 Evangelii
2098 1159 2157 1222 ab·

1179 1250 1245 1311 sint
1268 1249 1528 1324 aconctontbus,
1551 1243 1702 1310 velalios
1716 1247 1883 1310 abducant
1905 1265 1966 1309 suo
1990 1240 2156 1327 exenrplo,

1178 1336 1325 1419 graviter
1346 1344 1496 1418 peccant.
1540 1332 1613 1395 Nec
1635 1333 1796 1396 iuventuti
1810 1331 2025 1394 concedenda
2047 1340 2099 1393 est
2119 1326 2158 1392 li·

1179 1420 1287 1482 centia
1309 1439 1352 1482 ne
1377 1416 1500 1504 ligendi
1523 1415 1674 1502 publicas
1698 1418 1912 1481 ceremonias.
1964 1415 2049 1479 Nam
2079 1435 2158 1479 con·
2216 1471 2219 1477 .

1178 1505 1317 1568 suetudo
1341 1442 1399 1568 tila
1422 1501 1531 1568 adfert
1562 1503 1826 1588 prophanitatem
1848 1501 2032 1565 Ethnicam.
2079 1499 2157 1563 ldeo

1178 1588 1372 1672 disciplinae
1395 1611 1498 1654 causa
1522 1601 1599 1652 sunt
1621 1589 1773 1673 cogendi,
1794 1599 1831 1652 ut
1852 1589 2003 1651 intersint
2014 1583 2157 1671 publicis

1179 1677 1392 1753 ceremoniis,
1422 1688 1453 1738 et
1488 1675 1622 1739 audiant
1656 1675 1856 1752 conciones,
1889 1685 1925 1737 ut
1958 1673 2009 1736 his
2042 1674 2156 1754 primis

1178 1763 1343 1826 exercitiis
1365 1761 1603 1825 adsueliantad
1620 1761 1841 1825 reverentiam
1859 1777 1959 1823 verae
1970 1755 2155 1844 religionis,

1178 1859 1211 1912 et
1232 1849 1275 1911 ud
1298 1849 1491 1912 discendum
1511 1843 1739 1934 Evangelium.

1480 2159 1545 2240 De
1578 2155 1850 2268 Obligatione.
2088 2268 2127 2333 ο

1262 2372 1430 2460 Volgares
1458 2370 1560 2437 libelli
1595 2372 1735 2437 recitant
1773 2373 1837 2436 tria
1869 2391 1972 2455 opera
2006 2371 2156 2454 Sabbati,

1176 2460 1343 2526 interesse
1366 2462 1562 2524 ceremoniis
1584 2457 1740 2543 publids,
1761 2460 1985 2543 precationem
2008 2469 2040 2523 et
2062 2456 2156 2524 obla·

1176 2559 1307 2612 tionem.
1374 2545 1458 2611 Cum
1488 2548 1575 2610 enim
1597 2546 1818 2608 conveniebat
1840 2541 2008 2622 Ecclesia,
2031 2543 2156 2630 singuli

1175 2633 1360 2698 offerebant
1377 2630 1512 2717 aliquod
1535 2650 1665 2696 munus.
1730 2629 1781 2694 Ex
1804 2630 1868 2694 hac
1890 2627 2068 2695 collatione
2090 2632 2155 2714 prl-

1174 2740 1261 2785 mum
1282 2716 1394 2804 aliqua
1410 2739 1491 2802 pars
1513 2718 1670 2782 ministris
1693 2716 1843 2780 dabatur.
1887 2713 2029 2801 Reliqua
2046 2716 2155 2780 distri·

141 2759 207 2827 tus,
240 2751 307 2815 Sed
332 2771 412 2816 vera
434 2750 580 2815 delinitio
604 2763 668 2831 est,
701 2750 825 2818 cultum
847 2754 912 2817 Dei
935 2774 1013 2818 esse
1036 2773 1121 2839 opus

140 2835 329 2902 mundaum
352 2858 372 2900 a
394 2834 469 2901 Deo
493 2850 524 2900 et
546 2834 622 2902 Deo
645 2833 802 2920 placens,
838 2843 932 2904 cuius
963 2838 1037 2903 finis
1058 2850 1123 2903 ,est
1174 2803 1561 2909 buebaturpauperibus.
1605 2802 1702 2871 Hunc
1725 2821 1847 2865 morem
1870 2796 1975 2865 luisse
1997 2814 2030 2866 et
2051 2801 2154 2865 histo·

139 2922 323 3007 proximus,
346 2933 382 2986 ut
405 2921 497 2988 Deus
519 2943 581 3006 per
602 2924 636 2988 id
659 2941 743 3008 opus
765 2925 893 2989 honore
915 2925 1099 2990 adficiatur.
1174 2913 1253 3040 ffiee
1266 2886 2156 3060 eme?agsszfflssizffgsngffiplgssiiffitsszmffigg.

226 3074 394 3140 Teneatur
426 3097 508 3162 ergo
541 3077 672 3162 regula,
706 3078 920 3142 Ceremonias
954 3080 1121 3143 institutas
1174 3074 1246 3140 issi,
1280 3072 1317 3125 ¹¹⁸
1336 3060 1461 3140 Missa>
1494 3063 1586 3147 (1¹¹⁰d
1614 3060 1778 3124 Hfbfaels
1808 3058 1976 3146 Signlfiffli
1998 3061 2156 3124 ifl'bumffl

140 3163 183 3228 eb
206 3162 473 3226 bominibusnon
497 3182 575 3226 esse
597 3161 794 3242 cultnsDei‚
817 3184 879 3228 neo
901 3165 1020 3229 mereri
1044 3185 1121 3228 con·
1174 3166 1236 3211 ⁵⁰¹¹
1259 3144 1479 3212 ⁰⁰ll⁰il⁰ss⁰¹¹¹·
1533 3146 1576 3210 Ei
1608 3144 1709 3228 aprina
1730 3144 1899 3231 Slgsslfiffli
1922 3142 2155 3230 elfflmffiym

140 3244 353 3321 donationem
375 3258 604 3332 peccatorum,
625 3269 690 3312 nec
713 3247 778 3313 alia
799 3251 955 3334 praemia.
1175 3244 1209 3298 ei
1229 3232 1295 3297 ¹¹⁰⁰
1316 3236 1448 3298 ¹¹0ffll¹¹⁰
1467 3234 1632 3298 interdum
1653 3252 1716 3316 9¹0
1736 3233 1809 3314 ipsa
1821 3229 1946 3316 synaxi
1957 3232 2055 3295 abusi
2066 3240 2156 3311 sunt,
2191 3287 2193 3291 .

1175 3321 1252 3404 quia
1274 3322 1317 3383 ibi
1341 3318 1576 3405 eleemosynae
1599 3319 1890 3382 distribuebantur.
1934 3316 2082 3382 lilanavit
2097 3338 2155 3382 au*

225 3400 333 3465 Porro
355 3411 390 3464 ut
412 3397 544 3467 constat
566 3399 724 3488 fugienda
746 3422 824 3467 esse
846 3399 946 3480 idola,
968 3404 1014 3468 ita
1036 3400 1121 3468 tales
1175 3420 1239 3469 tem
1254 3403 1453 3491 ,exemplum
1477 3427 1497 3468 a
1519 3403 1644 3490 populo
1664 3401 1781 3466 lsrael.
1829 3402 1914 3465 Nam
1936 3401 2156 3468 sacrificaturi

138 3486 334 3552 traditiones
356 3488 561 3552 abiiciendae
584 3499 672 3567 sunt,
695 3509 780 3573 quac
796 3492 1026 3572 proponuntur
1048 3510 1121 3553 cum
1174 3490 1358 3555 afferebant
1374 3492 1550 3569 victimam,
1573 3502 1606 3554 et
1626 3501 1756 3575 partem
1775 3488 1899 3552 dabant
1910 3488 2153 3553 sacerdotibus

136 3570 202 3636 bac
225 3593 264 3637 su
291 3575 472 3653 erstitione,
495 3577 586 3660 quod
609 3574 677 3639 sint
699 3577 923 3654 necessariae,
951 3588 1007 3639 aut
1031 3576 1121 3661 quod
1174 3577 1318 3662 ldeoque
1329 3574 1568 3660 scriptumest:
1590 3575 1665 3639 Non
1688 3574 1867 3658 apparebis
1890 3594 2017 3638 vacuus
2041 3595 2155 3639 coram

138 3658 254 3722 ritusi
282 3659 379 3723 isint
403 3659 523 3740 cultus,
545 3672 602 3725 aut
624 3658 760 3744 placent
780 3659 909 3737 Deum,
939 3672 995 3726 aut
1017 3681 1121 3726 merc·
1174 3684 1236 3727 me.
1303 3662 1407 3728 Recte
1441 3664 1541 3748 igitur
1575 3672 1764 3724 numeretur
1798 3656 1920 3723 oblatio
1944 3660 2028 3738 inter
2051 3681 2155 3743 opera

137 3748 237 3807 antur
258 3748 416 3826 praemia,
438 3758 475 3811 ut
497 3747 615 3810 messis
637 3748 833 3825 ubertatem,
859 3748 1042 3826 victoriam,
1066 3749 1121 3811 de·
1175 3747 1324 3828 Sabbati,
1354 3739 1419 3812 'sed
1453 3744 1640 3812 collationis
1673 3745 1747 3810 [inis
1782 3745 1990 3810 immediatus
2023 3756 2056 3808 et
2078 3767 2153 3830 pro-

136 3826 323 3915 pulsionern
346 3834 549 3911 morborum,
573 3844 630 3896 aut
652 3830 781 3897 similia.
806 3832 948 3898 Constat
969 3835 1055 3898 enim
1076 3834 1121 3897 ita
1175 3836 1265 3917 prius
1288 3835 1330 3896 sit
1353 3834 1503 3918 primum,
1526 3847 1562 3896 ut
1584 3833 1753 3895 ministros
1776 3831 1939 3908 iuvemus,
1962 3830 2093 3909 deinde,
2117 3843 2154 3896 ut

137 3915 290 3980 crevisse
313 3913 420 3993 idola,
445 3918 521 3981 dum
544 3919 642 3981 arrimi
665 3920 771 4004 ignari
796 3919 968 3984 doctrinae
991 3919 1120 3997 deiide,
1173 3921 1374 4003 pauperibus
1397 3917 1605 4003 opitulemur.
1628 3915 1719 3981 Talis
1739 3914 1862 3980 oblatio
1886 3915 1951 3980 hoc
1976 3917 2040 3981 line
2063 3915 2154 3981 facta

136 3996 368 4084 confugientes
390 4004 434 4067 ad
457 4004 674 4082 ceremonias,
697 4007 935 4090 quaesiverunt
962 4002 1119 4069 auxilium
1173 4004 1283 4090 placet
1305 4005 1390 4069 Deo.
1436 4005 1497 4071 llic
1519 4015 1630 4068 autem
1660 4001 1835 4088 complecti
1861 4004 2019 4066 debemus
2043 4002 2155 4067 omnia

15 4103 21 4112 ·
134 4086 169 4151 ln
198 4087 301 4150 variis
329 4085 498 4170 perieulis.
566 4088 642 4153 ldeo
671 4087 757 4155 alins
780 4102 923 4156 testatus
946 4111 985 4155 se
1007 4106 1120 4174 petere
1173 4089 1283 4155 officia
1306 4112 1386 4177 erga
1408 4092 1588 4155 ministres
1617 4089 1747 4174 Exigua
1770 4090 1932 4175 quaedam
1955 4089 2153 4174 significatio

135 4173 242 4238 bonas
265 4182 491 4257 tempestates,
513 4174 682 4239 invocavit
701 4177 812 4242 lovem
836 4189 1015 4240 tonantem.
1050 4167 1119 4240 Ali·
1173 4189 1225 4242 est
1259 4179 1464 4242 reverentiae
1493 4197 1576 4261 erga
1597 4176 1814 4240 ministerium
1837 4172 1987 4260 vulgaris
2010 4192 2153 4239 consue·

134 4278 175 4322 us
197 4269 339 4322 testatus
363 4279 401 4323 se
423 4272 537 4343 petere
559 4263 750 4341 victoriam,
784 4264 951 4327 inuocauit
980 4261 1119 4327 lllartem
1172 4264 1252 4328 tudo
1287 4262 1464 4340 offerendi,
1499 4263 1559 4326 sed
1593 4272 1700 4326 tarnen
1725 4261 1809 4326 ltaec
1832 4280 1966 4347 quoque
1987 4258 2153 4326 laudanda

5 4394 18 4419 ,
133 4338 339 4408 bellatorem.
369 4344 499 4415 Deinde
521 4349 651 4430 positae
673 4359 750 4413 sunt
772 4360 912 4426 statuae,
935 4348 1036 4413 additi
1050 4368 1120 4412 cer·
1172 4361 1223 4414 est
1245 4352 1288 4414 ob
1312 4370 1383 4413 eam
1408 4369 1553 4426 causam,
1576 4348 1653 4431 quia
1675 4343 1860 4432 exemplum
1872 4348 2040 4422 adamum,
2062 4346 2153 4431 quod

136 4430 161 4493 tl
184 4430 280 4506 ritus,
302 4452 362 4514 per
385 4453 470 4516 quos
493 4435 655 4517 putabant
668 4433 776 4498 Deum
799 4432 933 4518 placari.
980 4433 1037 4497 Sic
1061 4434 1119 4497 ini·
1172 4437 1328 4499 ministris
1352 4437 1531 4499 debeamus
1554 4435 1696 4518 gratiam
1720 4445 1753 4497 et
1775 4434 1970 4496 mercedem.
1999 4432 2153 4496 Sciamus

39 4572 46 4581 ,
133 4514 180 4578 tio
204 4517 309 4580 crevit
331 4517 540 4597 idolomania,
565 4540 664 4603 quam
682 4530 800 4605 postea
823 4522 967 4584 imitatus
992 4537 1043 4583 est
1066 4542 1118 4584 or·
1171 4535 1278 4586 autern
1302 4522 1416 4585 deberi
1439 4523 1487 4583 eis
1510 4521 1596 4583 onnri
1619 4531 1768 4604 tempore
1790 4516 1856 4582 alia
1880 4518 2005 4581 maiora
2027 4513 2150 4583 officia.

48 4616 52 4623 ·
133 4601 187 4664 bis
209 4601 242 4663 in
265 4603 475 4669 invocatione
497 4618 701 4681 sanctornm,
724 4618 757 4669 et
779 4603 852 4670 aliis
876 4608 1118 4692 superstitiosis
1172 4606 1346 4673 Caeterum
1380 4606 1613 4689 superstitiosa
1648 4608 1757 4689 opinio
1789 4605 1821 4667 in
1844 4601 2070 4667 oblationibus
2093 4605 2156 4683 im·‚

133 4686 380 4767 traditionibus,
414 4690 617 4770 lilonastica,
654 4693 794 4770 ieiuniis,
817 4694 991 4756 missarum
1014 4691 1117 4779 appli-
1169 4695 1341 4777 probanda
1365 4704 1434 4770 est,
1467 4689 1574 4777 qualis
1597 4688 1655 4755 luit
1680 4691 1896 4755 Ethnicornm
1919 4702 1951 4753 et
1973 4685 2152 4757 multorum

135 4773 277 4839 catione.
320 4773 448 4840 Deliis
471 4779 763 4861 superstitionibus
781 4782 933 4844 omnibus
951 4781 1117 4843 servanda
1169 4780 1293 4842 nostris
1316 4779 1529 4862 temporibus,
1553 4799 1619 4861 qua
1641 4778 1786 4862 ingentia
1810 4776 1947 4840 donaria
1969 4772 2152 4841 attulerunt

135 4870 188 4923 est
217 4858 356 4943 tegula:
389 4861 506 4945 Fugite
539 4863 772 4929 idololatriam.
839 4863 1016 4929 Caeterum
1040 4876 1117 4928 sunt
1168 4866 1200 4927 in
1225 4862 1345 4947 templa
1369 4885 1433 4927 non
1456 4864 1521 4928 lroc
1556 4866 1637 4940 line,
1670 4876 1706 4926 ut
1728 4863 1896 4926 ministros
1919 4863 2071 4927 iuvarent
2094 4872 2152 4927 aut

134 4940 235 5030 aliqui
259 4943 357 5009 utiles
377 4947 470 5023 ritus,
504 4970 643 5032 quorum
669 4949 742 5013 linis
766 4960 816 5014 est
839 4947 1005 5033 politicus,
1028 4950 1117 5013 vide·
1168 4970 1348 5053 pauperes,
1389 4951 1448 5014 sed
1483 4950 1559 5034 quia
1589 4951 1777 5013 sentiebant
1809 4946 1883 5011 Deo
1916 4946 2051 5031 placere
2083 4945 2150 5014 hoc

134 5027 223 5110 licet,
257 5032 333 5118 quia
368 5031 515 5097 efficiunt
548 5036 697 5099 ordinem
732 5055 792 5099 sen
825 5035 964 5114 εὐιαξίαν
996 5036 1029 5097 in
1052 5033 1116 5097 lrac
1167 5058 1274 5120 ipsum
1299 5056 1403 5122 opus,
1438 5049 1591 5121 tanquam
1617 5032 1740 5099 cultum
1769 5044 1801 5096 et
1822 5034 1982 5098 horrorem
2006 5030 2150 5117 peculia·

136 5118 300 5183 communi
323 5120 404 5184 vita.
449 5117 509 5183 Est
531 5121 616 5185 enim
639 5119 830 5187 intellectus
848 5121 974 5185 ordinis
992 5116 1142 5186 homini
1167 5143 1248 5195 rem,
1282 5135 1315 5186 et
1348 5125 1466 5189 mereri
1500 5142 1538 5187 se
1572 5121 1711 5208 gratiam
1744 5121 1810 5184 hoc
1833 5139 1951 5204 opere,
1974 5119 2059 5185 sicut
2082 5118 2146 5186 lrac
