4628 5588
131 162 197 247 mo
769 158 1524 247 arnnnmusc'n'rrrrr·attenuatos.
2096 162 2162 248 uso

133 388 297 438 accusare
316 379 460 454 peccata
478 390 592 435 coram
613 367 708 436 D'eo:
753 370 806 435 lt'a¹
823 372 976 437 executio
996 390 1121 458 poena·
1173 368 1245 454 pria
1271 366 1446 456 Evangelii
1473 380 1608 457 propter
1634 367 1752 437 lilium
1776 367 1841 436 Dei
1871 370 1985 436 Gratis
2015 372 2160 457 dandae,

134 480 206 524 rum
230 456 347 521 differt.
381 457 521 522 Atrocia
544 454 664 522 delicta
686 460 718 522 in
741 459 809 524 vita
831 455 967 543 politica
988 459 1121 524 univer·
1173 453 1330 522 videlicet
1369 457 1575 522 remissionis
1603 468 1837 543 peccatorum,
1867 457 2161 541 reconciliationis,

134 543 252 611 salitur
274 544 473 608 comitantur
491 557 625 609 atroces.
648 564 778 630 poenae
801 547 898 609 etiam
921 546 955 609 in
976 546 1122 611 lracvita
1175 562 1236 609 seu
1257 542 1514 624 iustificationis,
1539 545 1729 611 donationis
1752 546 1892 631 Spiritus
1916 548 2026 611 sancti
2056 558 2089 611 ct
2110 550 2160 613 vi·

135 630 312 718 corporali,
335 633 422 694 sicut
444 633 486 695 de
509 629 684 696 homicidio
707 630 770 695 lrae
792 631 1122 719 regulaetestantur,
1173 645 1229 696 tae
1250 640 1419 695 aeternae.

134 721 250 785 Omnis
272 720 328 804 qni
351 720 518 802 acceperit
536 716 696 802 gladium,
718 716 829 803 gladio
852 720 987 803 peribit:
1023 730 1055 784 et
1079 719 1121 783 de

133 808 272 874 ircosus
295 803 503 882 libidinibus,
538 807 654 869 Ournis
683 807 791 869 anima
813 826 898 891 quae
921 805 1037 871 fecerit
1057 804 1120 869 has
1259 800 1376 868 Altera
1415 804 1593 889 promissio
1628 815 1680 879 est
1718 805 1883 870 bonorum
1922 803 2160 894 corporalium,

134 893 411 970 abominationes,
436 888 670 956 erudicabitur.
715 890 769 956 Dc
792 893 938 978 rapinis:
968 890 1042 959 Vae
1065 893 1121 978 qui
1173 910 1258 975 quae
1282 888 1405 974 duplex
1427 900 1494 955 est:
1523 901 1582 956 aut
1603 893 1763 978 gratuita,
1796 894 2063 959 conservationis
2086 914 2161 960 cor-

135 977 273 1066 spolias,
298 980 374 1064 quia
397 976 606 1063 spoliaberis.
651 976 706 1042 De
736 980 887 1062 periuriis
909 988 944 1044 et
965 978 1121 1063 blaspbe·
1172 978 1264 1061 poris
1297 975 1473 1042 Ecclesiae
1509 976 1601 1044 iuxta
1640 979 1781 1044 drotum:
1820 979 1966 1045 Primum
2010 982 2161 1066 quaerite

133 1067 222 1134 miis:
244 1066 319 1130 Non
337 1063 473 1129 babebit
495 1065 590 1129 Deus
612 1067 792 1143 insontem,
826 1068 977 1152 quisquis
999 1086 1121 1133 nomen
1173 1083 1311 1150 regnum
1340 1060 1417 1143 Dei,
1446 1074 1480 1129 et
1513 1078 1648 1130 caetera
1670 1066 1867 1131 adiiciuntur
1889 1067 2016 1149 vobis.¹
2037 1067 2161 1135 Esaiae

133 1152 211 1219 DEl
234 1172 320 1218 vane
342 1152 564 1235 usurpaverit.
609 1152 668 1215 llis
693 1151 1000 1219 comminationibus
1023 1173 1121 1240 regu·
1172 1151 1223 1217 48.
1269 1149 1376 1215 Etiam
1398 1152 1432 1215 in
1455 1163 1594 1218 senecta
1616 1153 1757 1239 gestabo
1780 1172 1856 1239 vos.
1900 1152 1993 1231 lteru,
2002 1150 2073 1219 Erit
2095 1157 2159 1220 sic·

103 1230 248 1306 'lariter
259 1251 400 1304 eventus
418 1239 623 1324 respondere
640 1238 842 1324 experientia
861 1251 1013 1320 testatur,
1036 1260 1122 1327 quac
1172 1238 1264 1303 utin
1287 1239 1406 1303 diebus
1428 1237 1583 1319 Nouam·
1614 1259 1700 1304 unus
1722 1236 1921 1317 assumetur,
1954 1237 2039 1305 alter
2061 1238 2160 1307 relin-

135 1325 417 1404 etiamEtlmicos
440 1324 503 1390 has
526 1323 661 1411 regulas
686 1327 811 1406 docuit,
835 1346 1024 1413 quanquam
1047 1336 1121 1392 eta
1172 1334 1301 1412 quetur.
1346 1324 1439 1404 ltem,
1466 1324 1534 1389 Ero
1559 1329 1733 1391 vobiscum
1753 1346 1863 1412 usquc
1885 1326 1927 1391 ad
1947 1348 2160 1395 consumma·

134 1415 287 1500 patribus
310 1433 368 1476 eas
391 1424 603 1497 acceperunt.
647 1412 690 1476 Et
712 1425 748 1478 ut
770 1415 858 1498 apud
873 1414 1050 1479 Pindarum
1075 1414 1122 1477 di·
1173 1412 1294 1476 tionem
1316 1409 1434 1476 seculi.
1477 1411 1546 1476 Aut
1569 1426 1621 1477 est
1644 1414 1756 1479 addita
1790 1415 1887 1479 bonis
1922 1417 2081 1498 operibus
2107 1416 2159 1481 iu·

136 1502 235 1565 citur:
259 1502 379 1583 βέβαιον
400 1498 477 1578 ἔξεις
497 1497 547 1563 τὸν
567 1504 634 1584 βίον
656 1498 772 1574 δίκαιος
793 1497 847 1565 ὤν.
880 1496 935 1565 De
956 1500 1024 1565 hac
1044 1520 1122 1585 pae-
1172 1509 1312 1576 storum,
1336 1509 1388 1562 ut:
1424 1497 1487 1570 Qui
1506 1500 1633 1565 dederit
1656 1512 1770 1584 potum
1792 1520 1899 1587 aquae
1922 1503 1977 1564 urri
2002 1522 2043 1566 ex
2065 1502 2159 1567 mini·

136 1587 311 1672 dagogica·
336 1586 487 1651 doctrina
520 1588 618 1651 etiam
651 1587 803 1652 homines
837 1604 875 1651 sa
919 1604 939 1652 e
967 1586 1122 1652 monendi
1171 1586 1233 1648 mis
1257 1604 1404 1649 meorum
1427 1598 1563 1670 propter
1585 1586 1780 1666 doctrinam,
1813 1589 1920 1652 Amen
1951 1589 2025 1652 dico
2048 1589 2159 1669 vobis,

137 1689 227 1752 sunt,
270 1681 304 1736 et
346 1673 518 1737 sciendum
557 1684 611 1739 est
649 1672 712 1739 has
758 1692 840 1758 corp
916 1692 953 1738 es
993 1692 1121 1759 poenas
1171 1691 1239 1736 nou
1261 1672 1380 1756 perdet
1400 1672 1590 1737 mercedem
1613 1693 1721 1738 suant.

138 1780 206 1825 non
230 1779 314 1824 casu
348 1761 519 1838 accidere,
553 1778 617 1823 nec
639 1772 766 1826 tanturn
789 1761 956 1825 hominum
977 1758 1121 1824 consilio

136 1847 303 1910 institutas
326 1865 415 1925 esse,
439 1848 498 1911 scd
523 1849 692 1911 ordinatas
714 1844 928 1928 esseaDeo,
945 1848 1122 1933 etquidem
1257 1842 1412 1908 Traditae
1434 1857 1512 1909 sunt
1541 1856 1649 1909 autem
1672 1845 1913 1929 promissiones
1945 1849 1986 1911 de
2021 1868 2158 1913 conser-

137 1932 247 1998 Deum
271 1946 483 1999 executorem
501 1953 590 2012 esso,
614 1935 711 1999 etiam
724 1955 799 1999 cum
813 1934 1031 2022 Magistratus
1044 1943 1122 1998 suut
1171 1931 1305 1996 vatione
1336 1927 1513 1996 Ecclesiae
1547 1944 1580 1995 ct
1618 1932 1717 1997 bonis
1757 1930 1988 2019 corporalibus
2021 1947 2159 2022 propter

136 2018 333 2126 iqiirmiores
366 2031 399 2084 et
420 2016 698 2107 negligentiores,
732 2033 877 2087 autnon
901 2016 1122 2087 faciuntoffi·
1173 2028 1315 2103 quatuor
1338 2037 1471 2082 causas.

137 2127 234 2172 crum.

1177 2181 1183 2199 '
1259 2188 1401 2255 l’RlilA
1429 2202 1494 2270 est,
1510 2257 1511 2260 ,
1526 2201 1563 2256 ut
1596 2191 1742 2257 sciamus
1770 2192 1860 2256 bona
1881 2190 2069 2279 corporalia
2090 2214 2159 2261 nou

227 2276 306 2344 Vult
328 2280 414 2343 enim
436 2276 530 2343 Deus
549 2278 633 2344 baec
659 2276 837 2344 manifesta
859 2277 1054 2363 spectacula
1075 2289 1122 2344 te·
1174 2294 1255 2340 casu
1284 2277 1403 2355 obiici,
1439 2278 1500 2341 sed
1529 2296 1610 2342 vore
1638 2300 1657 2343 a
1682 2276 1757 2344 Deo
1789 2278 1875 2364 dari,
1905 2281 1993 2347 sicut
2021 2281 2158 2346 dicitur:
2210 2332 2218 2337 .

136 2364 289 2432 stimonia
309 2385 398 2444 esse,
423 2366 513 2451 quod
536 2367 580 2431 sit
601 2364 709 2444 Deus,
733 2376 767 2431 et
789 2367 989 2443 ostendere,
1011 2364 1120 2451 qualis
1172 2360 1365 2427 Benedictio
1389 2360 1523 2427 Domini
1546 2365 1665 2430 divites
1688 2361 1780 2430 iacit.
1825 2364 1918 2446 item,
1946 2366 2020 2433 Nisi
2043 2365 2159 2432 Domi·

136 2453 192 2531 sit,
216 2449 369 2519 videlicet
392 2454 499 2516 iustus
523 2464 556 2516 et
579 2455 713 2532 vindex,
735 2451 806 2519 vult
828 2451 1121 2519 commoneiaetio-
1173 2468 1236 2513 nus
1259 2450 1455 2515 custodierit
1482 2447 1666 2530 civitatem,
1698 2448 1824 2518 frustra
1853 2450 1985 2540 vigilat,
2015 2456 2070 2541 qui
2100 2476 2160 2520 eu·

135 2559 199 2603 nes
222 2560 311 2616 esse,
341 2541 428 2624 quod
452 2538 523 2603 Lex
547 2553 687 2604 naturae
709 2541 807 2605 insita
830 2542 950 2604 rationi
983 2542 1026 2605 sit
1048 2540 1121 2604 Lex
1172 2537 1274 2600 stodit
1305 2555 1389 2600 eam.
1445 2536 1537 2616 ltem,
1569 2537 1701 2603 Leones
1735 2540 1934 2621 esurierunt,
1967 2542 2159 2609 timentibus

137 2625 260 2705 divina,
288 2636 321 2690 et
343 2627 432 2710 quod
462 2627 506 2689 sit
534 2628 754 2710 providentia,
779 2639 812 2691 et
834 2629 924 2712 quod
946 2624 1041 2691 Deus
1065 2648 1120 2691 cu·
1173 2633 1282 2688 autem
1304 2620 1483 2689 Dominum
1504 2642 1573 2689 non
1596 2625 1701 2690 deerit
1721 2622 1824 2693 ullum
1846 2627 1981 2693 bonum.

136 2722 210 2776 stos
233 2715 277 2776 sit
298 2710 456 2796 politicae
474 2714 657 2777 societatis.
692 2712 744 2777 De
766 2715 831 2785 hac
853 2715 1042 2797 praesentia
1054 2711 1120 2777 Dei

136 2797 224 2864 inter
250 2799 403 2863 homines
437 2798 737 2867 corrrmorreiaciunt
760 2822 824 2866 nos
846 2799 930 2865 baec
951 2799 1121 2866 horrenda
1259 2794 1473 2862 SECUNDA
1507 2817 1625 2871 causa,
1665 2796 1709 2864 Ut
1748 2799 1894 2865 sciamus
1928 2799 2036 2866 Deum
2070 2798 2161 2868 uelle

137 2880 343 2971 spectacula,
367 2887 409 2950 de
432 2887 551 2970 quibus
571 2896 605 2950 et
628 2889 748 2952 concio
761 2886 886 2952 Christi
909 2882 1004 2952 dicit:
1027 2884 1121 2951 lilen·
1173 2902 1377 2949 conservare
1391 2882 1577 2949 Ecclesiam
1599 2885 1633 2948 in
1655 2882 1721 2949 bac
1742 2887 1822 2967 vita,
1846 2889 1936 2952 iuxta
1953 2885 2158 2953 haecdicta:

137 2992 250 3039 suram
272 2970 517 3038 contestanter
544 2973 702 3059 agitatam
724 2976 851 3039 tlabunt
872 2976 921 3039 eis
943 2976 976 3038 in
999 2976 1119 3039 sinum.
1173 2968 1317 3035 Primum
1339 2972 1488 3057 quaerite
1510 2990 1650 3057 regnum
1679 2970 1761 3051 Dei,
1792 2984 1825 3037 et
1847 2984 1981 3038 caetera
2002 2973 2160 3039 adiicien-

1172 3069 1227 3121 tur
1248 3058 1357 3121 vobis.
1400 3054 1481 3123 item
1516 3060 1603 3142 apud
1625 3054 1776 3123 Esaiam:
1810 3058 1912 3124 Posui
1946 3063 2050 3125 verba
2083 3081 2161 3127 mea

222 3141 353 3208 Deinde
376 3146 565 3231 cogitentur
587 3165 727 3222 causae,
751 3146 793 3210 tie
816 3147 935 3232 quibus
957 3144 1122 3213 Iuriscon·
1144 3119 1149 3186 l
1173 3144 1206 3208 in
1225 3162 1284 3207 ore
1306 3154 1375 3221 tuo,
1409 3155 1441 3209 ct
1469 3144 1607 3211 dextera
1627 3164 1702 3210 mea
1722 3157 1898 3233 protegam
1928 3159 1973 3226 te,
2006 3158 2043 3213 ut
2062 3146 2159 3234 plan·

136 3227 214 3295 sulti
235 3226 428 3315 loquuntur,
479 3230 545 3296 uod
574 3229 819 3317 tranquillitatis
841 3230 997 3317 publicae
1019 3254 1123 3298 causa
1173 3242 1226 3295 tes
1250 3226 1376 3295 coelos.

137 3329 290 3402 oporteat
312 3315 382 3380 tolli
406 3253 611 3382 sceleratos:
647 3319 715 3383 Sed
744 3320 837 3404 prius
867 3321 900 3383 in
924 3318 976 3383 iris
1005 3319 1122 3405 poenis

135 3404 289 3469 iudiciunr
312 3403 377 3469 Dei
397 3405 669 3490 contemplemur.
694 3401 699 3410 ’
736 3456 738 3460 .
1261 3400 1423 3465 TERTlA
1445 3423 1559 3482 causa,
1581 3416 1616 3468 ut
1632 3405 1745 3488 petitio
1764 3403 1985 3491 corporalium
2003 3407 2047 3470 sit
2063 3428 2159 3472 exer·

1176 3488 1288 3554 citium
1309 3489 1529 3554 invocationis
1551 3491 1642 3555 iuxta
1665 3493 1803 3557 dictum:
1826 3493 1948 3558 invoca
1972 3513 2025 3557 me
2046 3495 2080 3559 iu
2104 3497 2158 3559 die
2239 3510 2250 3525 “

140 3573 143 3577 ’
227 3576 296 3641 Sed
324 3588 456 3662 praeter·
485 3579 737 3663 exequutionem
760 3596 942 3665 poenarum
967 3596 1124 3664 corpora·
1176 3574 1410 3656 tribulationis,
1433 3590 1465 3641 et
1489 3597 1554 3664 ego
1577 3580 1711 3661 eripiam
1735 3590 1778 3642 te.
1822 3578 1915 3659 ltcm,
1941 3578 2066 3644 Panem
2099 3594 2160 3646 no·'
2184 3596 2207 3623 ²⁴

138 3660 218 3729 lium
241 3666 369 3728 accedit
393 3677 424 3729 et
446 3663 511 3730 alia
533 3661 739 3741 maledictio,
773 3663 928 3731 videlicet
960 3666 1122 3730 ordinatio
1176 3673 1280 3727 strum
1303 3663 1528 3749 quotidianum
1552 3665 1596 3729 da
1616 3665 1714 3730 nobis
1735 3662 1848 3730 hodie.
1893 3664 1986 3746 ltcm,
2009 3667 2084 3752 lpse
2107 3678 2162 3732 est

141 3751 182 3816 ad
204 3770 332 3834 poenas
355 3765 523 3829 aeternas,
557 3772 642 3837 quac
670 3755 860 3837 opprimunt
883 3772 998 3816 omues
1020 3751 1123 3816 homi·
1175 3750 1244 3814 vita
1265 3760 1320 3814 tua
1343 3764 1376 3814 ct
1397 3749 1571 3838 longitudo
1595 3752 1720 3816 dierum
1748 3763 1896 3819 tuorum:
1929 3752 1965 3816 ln
1994 3754 2069 3840 ipso
2104 3774 2161 3819 su·

140 3857 213 3913 nes,
246 3837 390 3921 quinon
414 3832 763 3904 sanantur'aonitioue
787 3836 856 3903 Filii
879 3838 960 3918 Dei,
990 3848 1025 3905 ut
1048 3859 1122 3903 cum
1175 3856 1261 3915 muS,
1283 3837 1426 3902 vivimus
1450 3850 1482 3902 et
1504 3858 1686 3903 movemur.

139 3923 172 3990 in
195 3920 310 4002 Saule,
331 3922 408 3988 luda
434 3925 546 4008 incipit
569 3944 689 3990 sensus
712 3929 781 3991 irae
798 3924 877 4005 Dei,
905 3927 1022 4013 inquo
1045 3944 1124 3997 sese

141 4008 351 4075 interficiunt.
397 4008 447 4072 llli
471 4013 624 4097 ingentes
646 4010 782 4077 dolores
816 4025 849 4077 et
882 4009 1033 4077 fremitus
1067 4013 1124 4076 ad·
1263 4003 1450 4079 QUARTA
1473 4028 1594 4086 causa,
1623 4006 1708 4081 Quia
1730 4005 1801 4075 vult
1824 4009 2014 4094 petitionem
2037 4031 2160 4098 corpo·

140 4118 260 4163 versus
283 4095 391 4161 Deum
422 4109 500 4161 suut
532 4099 655 4162 initium
689 4112 897 4164 aeternarum
929 4118 1123 4184 poenarum,
1176 4089 1293 4157 ralium
1316 4114 1394 4158 csse
1423 4092 1775 4162 commonefactioucm
1804 4099 1845 4163 de
1885 4098 2093 4163 remissione
2127 4111 2162 4165 ct

139 4196 175 4250 ut
199 4184 365 4249 lohannes
388 4184 507 4269 inquit:
537 4182 601 4258 Qui
631 4204 697 4248 non
728 4187 831 4250 credit
857 4188 890 4251 in
913 4185 1049 4265 Filium,
1074 4187 1125 4249 ira
1176 4180 1334 4265 petitione
1358 4182 1503 4267 gratiae,
1526 4182 1602 4267 quia
1625 4184 1739 4266 petitio
1762 4186 1834 4249 sine
1857 4119 1942 4262 tide,
1964 4186 2071 4250 inanis
2094 4197 2160 4266 est,

139 4268 204 4335 Dei
237 4283 349 4335 mnne:
382 4292 484 4353 snper
517 4292 602 4335 eum.
647 4272 690 4336 Et
718 4274 768 4336 sic
797 4271 1063 4339 maledictionem
1091 4272 1124 4336 in
1177 4264 1232 4330 vel
1254 4278 1290 4331 ut
1314 4267 1520 4353 Augustinus
1543 4269 1635 4331 dicit:
1659 4268 1776 4334 Oratio
1801 4272 1874 4335 sinc
1896 4272 1961 4335 lide
1984 4283 2162 4356 peccatum

141 4355 234 4444 Lege
257 4360 493 4438 tlenuntiatanr,
516 4355 801 4424 declaratPaulus
819 4361 859 4423 de
880 4362 1025 4425 aeternis
1047 4379 1125 4444 poe·
1178 4365 1240 4419 est.
1286 4354 1428 4439 Oportet
1450 4356 1549 4442 igitur
1571 4357 1603 4420 in
1628 4358 1715 4421 onrai
1743 4359 1902 4440 petitione
1936 4355 2161 4443 corporalium

141 4446 212 4507 nis:
246 4441 445 4509 Maledictus
479 4448 604 4523 omnis,
651 4446 705 4532 qni
738 4466 806 4511 non
839 4447 1059 4531 permanserit
1091 4447 1125 4512 in
1178 4438 1374 4526 praelucere
1397 4440 1506 4520 fidem,
1536 4453 1702 4527 petentem
1726 4455 1760 4507 et
1781 4444 1995 4529 accipientem
2018 4447 2163 4531 gratiam

141 4532 306 4611 omnibuS,
328 4552 414 4618 quae
437 4532 562 4618 scripta
579 4544 658 4597 srmt
679 4532 825 4620 inLege,
846 4547 882 4599 ut
904 4535 1051 4599 sciamus
1073 4553 1125 4599 ea.
1177 4541 1314 4612 propter·
1331 4526 1446 4592 Filium
1464 4527 1539 4608 Dei,
1561 4530 1649 4595 sicut
1672 4540 1705 4595 ct
1726 4531 1759 4595 in
1782 4532 1972 4614 precatione
1995 4534 2164 4598 communi

1178 4636 1253 4678 mox
1287 4615 1432 4679 additur:
1466 4614 1609 4680 Remitte
1642 4616 1740 4681 nobis
1763 4618 1873 4689 debita
1895 4630 2021 4687 nostra.
2067 4618 2161 4698 ltem,

228 4700 281 4767 De
303 4702 444 4770 utilitnte
467 4718 577 4770 entem
601 4706 868 4773 benedictionum
900 4703 1058 4793 iegeiinm
1092 4718 1126 4771 et
1178 4700 1214 4764 si
1237 4698 1358 4765 luerint
1380 4716 1521 4787 peccata
1543 4714 1656 4767 vestra
1678 4715 1714 4768 ut
1736 4705 1909 4770 coccinum
1938 4716 1971 4769 ct
1997 4706 2163 4772 vermicu·

141 4790 399 4877 promissionum
439 4792 662 4877 corporalium
697 4791 776 4859 nibil
810 4794 875 4859 dici
906 4805 1029 4880 potest,
1062 4792 1126 4857 nisi
1177 4785 1249 4866 lus,
1272 4788 1363 4852 eritis
1387 4789 1516 4854 candidi
1540 4791 1626 4855 sicut
1649 4795 1721 4868 nix,
1743 4792 1800 4856 ubi
1823 4804 1855 4857 et
1883 4794 2062 4875 promissio
2085 4814 2160 4880 gra·

141 4877 235 4963 prius
258 4878 385 4942 dicatur
407 4880 449 4943 dc
471 4874 693 4964 promissione
716 4883 853 4967 gratiae.
892 4880 972 4946 ldeo
994 4900 1127 4966 semper
1177 4875 1255 4949 tiae,
1275 4888 1307 4938 ct
1330 4877 1507 4960 promissio
1527 4879 1793 4943 conservationis
1808 4881 1959 4962 corporis
1972 4876 2162 4959 Ecclesiae,

142 4966 184 5049 tn,
199 4977 384 5051 conspectu
406 4967 447 5030 sit
469 4965 553 5033 haec
576 4969 753 5035 distinctim
850 4962 854 4971 “
1176 4972 1211 5026 et
1231 4963 1444 5048 mitigationis
1466 4985 1646 5050 poenarum
1669 4963 2004 5049 comprehenduntur.
2083 5007 2087 5017 ·

229 5136 327 5205 Duae
347 5147 426 5205 sunt
453 5138 705 5223 promissiones,
738 5138 844 5208 altera
878 5141 1016 5229 madae,
1047 5157 1126 5225 pro·
1264 5134 1362 5209 Quod
1382 5138 1561 5220 promissio
1584 5139 1847 5205 conservationis
1868 5141 2020 5226 corporis
2042 5132 2160 5206 Eccle-
