4628 5588
47 144 70 199 4
157 143 244 211 aaa
286 122 290 129 ’
529 86 537 107 ’
834 242 849 269 ⁶
915 143 987 210 vn.
1019 144 1092 213 ou
1115 111 1441 241 roannssrnf
1810 172 1818 186 ’
2106 134 2174 223 er

157 333 268 413 fidem,
292 353 357 420 qua
378 329 472 406 Deus
495 344 547 398 est
569 327 704 412 efficax,
725 333 781 419 qui
804 332 946 399 vivificat
970 353 1038 405 ‚vos
1061 333 1167 400 ctim‘
1275 333 1323 421 Et
1350 337 1440 402 initio
1474 337 1533 403 hic
1561 339 1645 402 ritus
1678 337 1871 425 probabiles
1894 360 2016 406 causas
2044 330 2172 409 habuit.

158 418 305 485 Christo.
360 416 491 484 Deinde
513 431 689 504 utramque
712 421 909 484 sententiam
930 439 1046 485 rursus
1064 417 1137 485 illu·
1188 421 1263 487 Fuit
1295 423 1380 491 errtm
1403 421 1576 509 disciplina
1599 426 1763 504 instituta,
1797 438 1831 490 et
1851 438 1889 491 ut
1917 424 2173 511 explorarentur

158 507 220 571 stri
241 505 350 592 ligura
371 506 491 592 pingitt
511 506 706 571 condonans
728 505 1000 589 (initiamenta,
1021 502 1138 570 delens
1188 506 1379 574 voluntates
1401 511 1606 575 redeuntium
1628 512 1671 575 ad
1694 508 1894 589 Ecclesiam,
1916 532 1959 576 an
1981 516 2071 577 serio
2094 534 2171 598 pro·

158 591 414 679 chirographum
447 592 536 676 quod
569 610 629 676 per
662 589 797 673 decreta
830 603 947 655 contra
979 609 1042 655 nos
1076 602 1138 671 est,
1189 596 1356 659 mitterent
1389 598 1662 675 emendationem,
1697 608 1731 660 et
1762 610 1799 663 ιιι
1833 594 1885 660 his
1920 595 2080 683 exenurlis
2114 597 2170 666 alii

44 686 47 691 '
147 680 248 766 'quod
270 689 340 742 erat
363 679 562 742 contrarium
585 678 693 741 nobis.
758 675 853 741 'fune
874 686 984 742 autem
1007 678 1138 760 conspi·
1190 679 1442 744 eorrrmonefacti
1465 684 1590 747 maiore
1613 702 1693 747 cura
1717 684 1857 748 vitarent
1884 680 2013 766 lapsus.
2079 683 2171 751 Non·

157 768 244 833 citur
266 761 523 850 chirographum
544 764 704 847 scriptum
727 765 760 827 in
783 763 941 828 cordibus
963 763 1138 828 adversari
1189 765 1266 830 dunt
1299 764 1524 852 effingebatur
1555 768 1679 849 opinio,
1713 767 1799 834 haec
1831 767 2027 852 spectacula
2049 771 2171 836 mereri

156 851 268 930 nobis,
290 870 365 914 cnm
387 851 602 936 agnoscimus
624 850 657 913 in
680 849 769 913 veris
780 845 952 914 doloribus
970 869 1034 912 nos
1057 867 1139 912 reas
1189 850 1416 917 remissionem
1439 864 1663 937 peccatorum,
1696 853 1762 917 sed·
1779 856 1899 939 postea
1927 856 2014 920 banc
2042 857 2169 940 opinio·

157 956 245 1003 esse.
270 934 344 1000 Hoc
366 936 489 1000 dictum
511 936 554 1001 ad
577 935 805 1000 contritionem
826 935 979 1020 pertinet.
1009 932 1137 1000 Deinde
1188 957 1263 1002 nem
1286 937 1411 1003 indocti
1432 940 1638 1016 addiderunt,
1658 950 1692 1003 et
1714 942 1795 1005 ritus
1816 940 2082 1009 satisfactionum
2112 962 2168 1006 cu·

157 1023 201 1088 ad
223 1021 322 1086 fidem
344 1021 486 1105 pertinet
508 1021 597 1105 quod
619 1020 772 1086 additur:
806 1017 911 1084 deleri
938 1019 1005 1085 hoc
1028 1018 1137 1085 chiro·
1189 1020 1363 1089 mularant.
1888 1058 1897 1071 ·

158 1106 321 1196 graphunr
344 1126 545 1190 suspensum
563 1105 605 1171 de
628 1124 741 1183 eruce,
763 1101 853 1172 faeta
876 1107 1135 1171 condonatione.
2002 1178 2011 1189 ,

1275 1195 1328 1258 Ab
1357 1194 1422 1259 hac
1455 1195 1560 1259 veteri
1588 1196 1828 1261 consuetudine
1855 1195 2024 1264 confessio
2046 1194 2169 1264 intelli·

198 1320 201 1327 -
244 1277 335 1343 llaec
357 1276 582 1361 interpretatio
604 1275 646 1347 de
658 1275 889 1354 conversione,
913 1285 966 1339 est
980 1270 1137 1358 simplex,
1188 1281 1277 1364 gitur
1298 1281 1503 1344 enumeratio
1516 1277 1722 1348 delictorum
1744 1279 1966 1368 singulorum,
1989 1304 2065 1348 eurn
2088 1282 2176 1350 olim'

157 1387 237 1433 vera
260 1376 293 1429 et
314 1365 442 1448 propia,
461 1383 559 1448 quarn
583 1363 714 1445 quidem
736 1363 920 1426 observare
931 1360 1080 1444 prodest,
1102 1372 1136 1425 et
1187 1376 1312 1431 tantum
1334 1362 1455 1430 delicta
1465 1362 1538 1430 aliis
1561 1379 1640 1431 nota
1661 1368 1893 1447 recitarentur.
1936 1370 2063 1433 Postea
2085 1389 2168 1447 vero

156 1463 193 1518 ut
215 1446 314 1538 Pauli,
328 1449 497 1514 sententia
518 1449 615 1512 nohis
637 1448 813 1525 obviasit,
842 1457 876 1511 et
903 1457 940 1512 ut
964 1459 1135 1511 teneamus
1187 1445 1419 1516 decretalacta
1440 1464 1519 1516 sunt
1541 1452 1583 1515 de
1604 1453 1757 1517 omnibus
1770 1450 1901 1519 delictis
1911 1455 2009 1519 etiam
2020 1455 2167 1522 areanis.

157 1536 379 1603 testiinonium
402 1535 443 1600 de
465 1534 517 1599 bis
541 1535 670 1599 duabus
692 1534 927 1598 mutationibus
943 1533 976 1597 in
996 1551 1134 1597 conver·
1559 1551 1561 1556 ·

157 1625 265 1701 sione,
288 1622 330 1686 de
351 1620 622 1699 mortificatione,
637 1631 671 1685 et
691 1619 983 1697 vivificationmid
1006 1629 1070 1697 est,
1093 1619 1135 1682 de
1271 1620 1324 1685 De
1346 1619 1412 1686 hac
1434 1624 1680 1688 enumeratione
1704 1621 1925 1709 singulorum,
1949 1645 2092 1691 necesse
2113 1637 2169 1691 est
2255 1642 2259 1650 '

52 1735 56 1746 ·
159 1709 368 1785 contritione,
403 1719 437 1771 ct
470 1703 710 1784 consolatione,
744 1725 830 1792 quae
861 1705 898 1769 lit
930 1724 990 1790 per
1022 1698 1133 1782 fidem,
1185 1709 1308 1773 erudiri
1329 1709 1579 1787 conscientiam,
1602 1729 1665 1774 nec
1687 1711 1752 1773 iarn
1771 1712 1813 1775 de
1834 1707 1891 1774 illa
1913 1722 2046 1777 vetusta
2067 1712 2169 1776 disci·

156 1816 223 1881 qua
244 1795 302 1860 tibi
323 1794 388 1878 ipsi
410 1794 520 1858 credis
542 1792 661 1858 remitti
682 1802 823 1878 peccata
854 1802 992 1876 propter
1010 1789 1132 1861 media·
1185 1791 1295 1880 plina·
1331 1793 1433 1858 tinae
1466 1791 1651 1874 Ecclesiae,
1684 1806 1727 1859 ct·
1752 1797 1793 1860 de
1827 1797 1998 1884 atrocibus
2021 1794 2168 1876 delictis,

87 1893 91 1899 ’
155 1892 272 1947 torem.
328 1900 332 1906 ·
470 1888 476 1898 '
1169 1900 1271 1965 ··quae
1328 1880 1367 1943 iis
1389 1891 1467 1944 nota
1489 1892 1578 1957 sunt,
1597 1881 1747 1947 dicimus.
1813 1881 1953 1967 Semper
1980 1883 2066 1948 eninr
2088 1883 2167 1947 iude
2264 1885 2270 1892 ”

757 1975 760 1987 ²
1116 2038 1121 2053 ἢ
1185 1983 1292 2052 usque
1325 1967 1368 2028 ab
1390 1966 1482 2031 initio
1505 1966 1636 2046 mundi,
1659 1967 1742 2031 ritus
1771 1966 1905 2032 fuerunt
1927 1970 2009 2033 certi
2033 1966 2167 2033 ericam·

767 2092 769 2096 ι
1184 2051 1415 2117 nrunicationis
1437 2052 1471 2114 in
1490 2048 1653 2135 Ecclesia,
1687 2065 1721 2117 et
1753 2050 1954 2138 receptionis
1975 2055 2183 2127 emendato·‚

241 2135 411 2202 Hactenus
434 2137 589 2215 recitavi,
622 2135 700 2218 quid
722 2135 757 2199 in
774 2133 926 2199 doctrina
949 2133 991 2197 de
1014 2131 1134 2197 contri·
1184 2158 1268 2216 rum,
1290 2134 1334 2201 Et
1355 2149 1545 2220 optaremus
1568 2157 1607 2202 ea
1626 2139 1789 2224 gravitate
1811 2159 1897 2225 quae
1927 2141 2026 2205 decet
2047 2136 2165 2205 Eccle-

156 2225 244 2289 tione
268 2223 400 2288 retineri
423 2243 564 2287 neccsse
586 2222 642 2299 sit,
676 2232 709 2284 et
740 2221 816 2306 quid
841 2220 946 2284 mxcii
969 2229 1132 2301 oporteat,
1185 2224 1280 2299 siam,
1301 2222 1521 2287 administrari
1540 2226 1915 2288 excommunicationem
1938 2238 1972 2290 et
2002 2224 2191 2315 repeptie'

31 2342 36 2351 ·
156 2307 233 2375 ιιίιίἱἶ
246 2311 333 2386 item,
354 2310 537 2374 doctrinam
559 2310 601 2373 de
623 2305 690 2395 fida
712 2303 862 2390 speciali,
892 2327 959 2391 qua
981 2305 1040 2369 tibi
1062 2324 1134 2369 erc·
1167 2329 1271 2377 ,nem
1315 2305 1494 2372 Etutsae
1519 2329 1537 2372 e
1559 2307 1643 2374 alias
1666 2310 1881 2388 dictumest,
1905 2312 2108 2377 retineantur
2130 2312 2165 2376 in
2189 2338 2220 2379 .·

156 2398 208 2462 dis
228 2395 359 2474 remitti,
382 2395 625 2480 adiungendam
647 2398 736 2472 esse,
758 2393 801 2458 de
821 2411 888 2477 qua
904 2412 1006 2475 supra
1027 2391 1061 2454 iu
1083 2410 1134 2455 re·
1185 2391 1339 2459 Ecclesia
1372 2330 1541 2481 generalls
1572 2393 1754 2475 confessio,
1788 2407 1823 2461 et
1844 2397 1958 2479 petitio
1981 2395 2164 2462 absolutio-

153 2478 314 2547 futatione
345 2479 488 2546 Articuli
521 2478 755 2565 praecipientis
790 2477 1042 2557 dubitationem,
1076 2496 1133 2540 eo·
1154 2488 1161 2538 t
1183 2481 1248 2558 nis,
1270 2479 1348 2566 quia
1369 2480 1585 2545 ministerium
1617 2482 1767 2565 privatae
1798 2478 2018 2548 absolutionis
2040 2501 2165 2568 nequa-

153 2566 248 2653 piose
270 2568 391 2633 dietum
409 2580 470 2631 est.
758 2604 762 2613 ·
1184 2586 1282 2651 quarn
1303 2562 1427 2634 frustra
1449 2567 1632 2631 institutum
1654 2579 1718 2644 est,
1749 2578 1786 2632 ut
1817 2564 1904 2632 infra
1926 2589 1967 2633 eo
1991 2569 2094 2635 iosias
2116 2567 2167 2632 di·.

1186 2672 1273 2731 cam,
1306 2662 1340 2715 et
1371 2671 1504 2735 semper
1526 2648 1586 2715 fuit
1607 2653 1644 2716 in
1664 2650 1821 2718 Ecclesia
1842 2591 2009 2739 generalla
2032 2650 2170 2729 confes,

238 2736 323 2804 Cum
344 2749 453 2813 autern
475 2734 559 2821 haec
581 2746 698 2801 nostra
719 2734 883 2800 sententia
904 2734 946 2797 sit
969 2733 1043 2816 ipsa
1066 2753 1133 2796 vox
1182 2738 1245 2814 sio,
1279 2747 1314 2799 ut
1346 2736 1539 2801 desummo
1562 2736 1907 2824 sacerdotein'che
1934 2740 2070 2803 diciturr
2102 2737 2167 2804 'fe-

50 2893 53 2896 Α
153 2820 329 2910 Evangelii
353 2824 428 2889 inde
451 2842 558 2908 usque
579 2845 600 2886 a
623 2823 728 2905 prima
750 2820 970 2885 conversione
981 2818 1077 2882 Adae
1100 2828 1132 2881 et
1183 2834 1261 2886 neat
1279 2822 1457 2900 victimam,
1480 2833 1514 2886 et
1536 2823 1734 2890 confiteatur
1755 2837 1895 2906 peccata
1916 2822 2042 2913 populi.

152 2910 279 2988 Eevae,
301 2928 426 2973 sonans
448 2908 483 2973 in
507 2928 586 2973 vera
595 2904 763 2984 Ecclesia,
786 2917 818 2971 et
830 2902 912 2970 nibil
928 2905 971 2969 sit
983 2903 1131 2982 obscuri,
1323 2978 1332 2996 ·
2154 2930 2170 2983 ·‚

153 3008 211 3062 aut
231 2997 373 3061 intricati
394 2997 430 3060 in
452 2996 515 3060 hac
538 3005 653 3059 nostra
676 2991 913 3079 explicatione:
940 2986 1041 3055 facile
1070 2991 1132 3054 erit
1267 2991 1312 3057 Et
1342 2994 1375 3056 in
1408 2992 1569 3058 Nehemia
1591 2993 1731 3060 dicitur:
1764 2992 1836 3059 Filii
1855 2992 1965 3073 ‚lsrael
1987 2994 2169 3071 convenia,-¹
2202 3051 2208 3060 .
2246 3046 2250 3053 .

152 3083 300 3147 iudicare
332 3083 466 3146 decreta
499 3081 628 3166 Synodi
660 3079 904 3156 Bononiensis,
937 3088 970 3141 et
991 3096 1035 3140 ne
1056 3075 1132 3161 quis
1183 3081 1261 3143 bant
1283 3078 1316 3143 in
1339 3079 1472 3159 ieiunio,
1490 3090 1524 3145 at
1546 3079 1790 3147 confitebantur
1811 3092 1952 3166 peccata
1975 3102 2046 3147 sua.
2154 3102 2157 3107 ·

36 3230 39 3235 ,
152 3168 242 3232 dieat
263 3188 316 3232 me
338 3166 456 3253 lugere
477 3167 631 3231 iudicium
642 3163 817 3237 Ecclesiae¹
833 3162 910 3241 Dei,
927 3184 994 3227 nou
1017 3162 1133 3247 dubito

152 3258 339 3338 provocare
361 3255 402 3318 ad
426 3254 548 3317 iudicia
569 3253 713 3317 omnium
735 3251 873 3334 piorum,
896 3250 951 3335 qui
964 3268 1029 3314 non
1053 3258 1131 3314 suot
1267 3250 1310 3315 Et
1344 3251 1386 3315 de
1408 3251 1614 3316 auditoribus
1636 3252 1808 3335 Baptistae
1825 3253 1973 3318 ‘dieiturr
2006 3218 2189 3336 Baptisals‘

153 3341 256 3406 rudes¹
276 3339 509 3406 exercitiorum
523 3338 772 3437 poenitentiae:
1112 3386 1124 3393 --
1180 3338 1301 3403 bantur
1321 3338 1356 3401 in
1377 3335 1532 3415 iordane,
1553 3337 1752 3404 confitentes
1774 3351 1915 3424 peccata
1936 3358 2009 3405 sua.

1268 3506 1360 3574 llaec
1383 3527 1450 3572 non
1469 3519 1542 3572 erat
1562 3505 1769 3594 singulorum
1791 3509 2015 3584 enumeratio,
2048 3507 2112 3573 sed
2128 3510 2170 3587 ira
2193 3553 2198 3567 .

1181 3613 1306 3679 genere
1334 3593 1578 3658 confitebantur
1611 3614 1650 3660 se
1684 3613 1872 3677 reosessc,
1906 3606 1941 3659 ut
1963 3595 2061 3659 decet
2083 3611 2169 3675 essa,

422 3689 506 3763 ὀε
524 3693 840 3763 ωΝιῈΒΒΙθΝΕ,
1021 3690 1025 3697 “
1117 3738 1119 3743 .
1180 3699 1300 3744 vocem
1333 3680 1460 3762 piorum
1492 3682 1690 3745 tribuentem
1723 3679 1797 3747 Deo
1820 3680 1976 3744 iustitiam
1997 3681 2032 3744 in
2063 3681 2162 3744 nobis

607 3804 612 3813 ·
731 3778 734 3783 “
1180 3766 1380 3830 accusandis
1403 3776 1437 3830 et
1480 3763 1599 3831 loriam
1622 3767 1777 3837 iustitiae¹
1808 3780 1922 3849 ropter
1949 3767 2087 3831 missum
2109 3764 2162 3830 Fi·

1180 3853 1268 3930 lium,
1290 3862 1327 3917 ut
1348 3787 1652 3917 Dmtalctamttaa
1685 3850 1758 3916 'fibi
1815 3854 1923 3917 omine
1944 3851 2079 3929 lustitia,
2101 3872 2168 3927 nae,

226 3937 390 4003 ‚Necesse
422 3952 476 4002 est
502 3936 686 4004 iunioribus
708 3957 748 4001 ax
774 3953 877 4001 onere
897 3948 932 3999 et
954 3932 1130 4015 vocabulo,
1180 3938 1364 4003 bisantem
1387 3934 1664 4011 confasiofacici.
1720 3936 1819 4017 ltemr
1839 3936 1911 4002 Tua
1933 3951 1987 4003 est
2003 3936 2169 4021 {auaritiae¹
2260 3945 2264 3950 “

151 4034 521 4091 etmoresvetustos..1
570 4021 658 4088 Olim
690 4023 724 4086 in
745 3958 900 4105 Ecclesia
921 4023 1128 4087 consuetudo
1180 4024 1236 4090 tio.
1303 4022 1345 4087 Et
1376 4023 1461 4088 baec
1492 4025 1565 4108 ipsa
1587 4023 1752 4128 generalis
1771 4021 1960 4100 confessio,
1988 4036 2022 4088 et
2043 4022 2178 4106 petitia.

154 4110 214 4174 fuit
237 4106 366 4191 lapsos,
389 4130 429 4174 ac
446 4129 523 4175 reos
544 4104 846 4187 taliumseclarnm,
867 4127 954 4193 quae
974 4105 1049 4172 aliis
1070 4128 1129 4173 no·
1179 4107 1415 4188 absolutionis,
1438 4121 1581 4189 testatur
1597 4131 1631 4175 ur
1653 4106 1810 4174 Ecclesia
1831 4107 1934 4194 recipi
1956 4104 2085 4192 lapsos.
2122 4154 2169 4189 ‚.,

152 4209 187 4260 ta
204 4208 311 4274 erunt,
334 4216 400 4260 non
422 4197 585 4282 recipcre,
620 4195 683 4260 nisi
705 4196 802 4280 signa
822 4191 997 4259 manifesta
1020 4213 1128 4259 emen·
1416 4258 1425 4275 ,
1890 4219 1893 4223 ·
2164 4252 2169 4265 ,

151 4282 295 4347 dationis
327 4283 604 4366 praecessissent.
669 4278 748 4345 ldeo
783 4281 865 4347 certi
897 4281 981 4346 ritus
1022 4290 1128 4360 erant,
1206 4311 1210 4319 ¹
1266 4281 1336 4347 Sed
1357 4276 1422 4346 alia
1444 4282 1621 4367 disputatio
1644 4290 1697 4352 est
1718 4281 1762 4345 de
1783 4278 2029 4345 enumeratione
2047 4278 2167 4364 singuf..

151 4376 292 4453 quorum
308 4364 430 4433 nomerl
450 4363 667 4452 tuttpubttca
676 4367 889 4451 poenitentia.
932 4367 1049 4433 Stabat
1067 4366 1129 4433 bo·
1179 4365 1299 4445 lorum,
1322 4363 1499 4434 multotum
1521 4378 1579 4432 aut
1600 4369 1746 4432 omnium
1768 4363 1974 4442 delictorum,
2003 4384 2044 4428 ac
2067 4384 2165 4448 prae.¹
2267 4437 2271 4449 ¹

150 4454 272 4518 mieida
292 4448 346 4518 v'el
368 4448 499 4519 adulter
510 4474 622 4518 eoram
633 4451 815 4537 Episcopo,
838 4463 871 4517 et
892 4454 1049 4519 narrabat
1072 4453 1143 4518 de·-
1179 4454 1294 4518 sertim
1323 4471 1533 4531 arcanorum,
1566 4453 1623 4519 hic
1654 4454 1791 4522 taxandi
1820 4461 1990 4516 scottica
2013 4468 2160 4515 errores.

150 4537 265 4605 lictum
286 4560 395 4623 suum,
417 4551 456 4606 ut
475 4537 665 4626 Episcopus
686 4540 819 4604 modum
830 4537 1058 4624 castigationis
1078 4539 1129 4604 in·
1171 4540 1323 4625 ¹Primus,
1352 4538 1444 4625 quod
1477 4538 1641 4604 linxerunt
1668 4539 1758 4605 banc
1790 4537 2076 4607 enumerationem¹
2093 4554 2175 4625 mc·-

151 4626 295 4705 diceret‚
328 4645 414 4731 puae
439 4627 624 4701 vocabatur
645 4621 851 4701 satisfactio,
873 4623 995 4689 Graeci
1016 4625 1129 4690 morlo·
1179 4626 1245 4689 reri
1267 4624 1499 4690 remissionem
1519 4636 1657 4710 propter
1676 4624 1847 4709 pudorem.
2008 4642 2013 4649 ·
2160 4632 2175 4703 ᾖ

150 4711 237 4775 stios
258 4723 469 4778 nominarunt
488 4717 635 4794 taratara,
663 4712 793 4788 idest,
825 4719 923 4775 notas
945 4730 1004 4793 sea
1027 4711 1129 4777 casti·
1568 4762 1571 4767 <
1682 4758 1686 4765 -
1911 4733 1914 4739 ·
2131 4734 2165 4793 ,ι

150 4797 317 4882 gatidnes.
359 4797 445 4866 Cum
466 4799 553 4864 enirn
574 4795 640 4863 alia
660 4792 785 4863 delicta
804 4791 880 4862 aliis
901 4796 1008 4863 modis
1035 4798 1130 4881 puni·
1266 4795 1445 4863 Secundus
1476 4815 1583 4874 error,
1601 4795 1709 4880 ¹quod
1739 4794 1833 4860 aiant
1854 4792 2083 4859 recitationem
2101 4810 2167 4877 rte-5

151 4894 284 4962 rentur,
315 4903 377 4951 seu
397 4893 448 4966 (ut
469 4887 515 4950 ita
536 4884 667 4975 dicam).
680 4874 888 4960 ιιιῖιιιιιιιιιιιι,ι
908 4884 1027 4968 erponi
1048 4882 1129 4949 deli·
1181 4884 1363 4956 cessariam
1385 4900 1475 4960 esee,
1496 4893 1532 4949 ut
1552 4882 1718 4969 indicatur
1737 4876 1936 4961 satisfactio.
2001 4928 2005 4938 .
2151 4908 2154 4913 ·

151 4979 240 5034 ctum
264 4987 349 5054 opus
371 4981 454 5050 erat,
475 4983 512 5037 ut
529 4970 647 5035 modus
669 4988 799 5054 poenae
820 4968 1032 5049 indiceretur,
1051 4980 1131 5055 post
1184 5032 1190 5043 ,
1221 5038 1224 5043 ,
1514 5014 1543 5027 .-
1593 4996 1597 5001 ·
1635 5020 1663 5047 ,,,
1704 5028 1708 5035 .
1864 4996 1868 5003 ·
2062 5016 2066 5023 ·
2136 4996 2166 5051 f,

152 5070 225 5119 cam
246 5056 724 5141 castigationamsequebatur
741 5052 918 5123 absolutio.
1217 5102 1230 5115 ..
1250 5053 1398 5129 „Tertius
1418 5074 1528 5135 enar,
1549 5051 1858 5140 quomrrecassaria
1878 5053 1923 5125 ait
1944 5050 2166 5137 monastic,
2264 5091 2268 5109 ι
