4628 5588
168 155 210 224 n
689 254 691 259 .
793 152 907 221 rura
929 126 1034 221 rma
1057 149 1249 222 semera
1267 149 1557 221 pecuarios
1884 114 1899 127 ”
2009 180 2012 185 ·
2143 156 2188 225 ra

152 344 153 348 ’
252 341 384 408 Tertius
405 361 490 407 usus
523 352 576 406 est
597 341 633 406 in
656 343 794 420 renatis,
819 344 943 408 docere
963 343 1020 430 qui
1039 340 1150 409 cultus
1201 342 1266 407 nisi
1287 340 1346 405 fiat
1367 342 1520 407 remissio
1541 354 1678 427 propter
1699 325 1929 409 Mediatorem·
1966 344 2051 410 Nam
2072 357 2109 410 et
2128 343 2186 413 hlo

54 454 59 458 ·
167 427 324 516 placeant
354 426 448 506 Deo,
482 428 560 512 quia
586 428 649 492 etsi
677 428 823 493 humana
844 429 928 493 ratio
952 432 1016 494 scit
1037 426 1149 515 aliquo
1201 439 1316 492 reatus
1337 429 1372 493 iu
1387 426 1690 513 Legeincluditur,
1712 429 1804 495 iuxta
1821 432 1963 496 dictum:
1983 419 2185 508 Maledictus

166 517 266 583 modo
285 515 469 579 discrimen.
483 512 700 579 bonestorum
723 525 756 578 et
778 515 932 598 turpium,
960 527 1070 579 tamen
1093 537 1149 581 ne·
1202 515 1320 591 omnis,
1372 516 1406 578 ui
1427 536 1494 579 non
1517 516 1676 579 manserit
1697 517 1731 580 in
1753 518 1921 595 omnibus,
1950 537 2036 601 quae
2057 518 2186 603 scripta

67 603 69 607 ’
167 621 266 669 cesse
288 612 351 678 est,
373 600 735 665 haberetestimonium
746 598 809 664 Dei
832 620 1041 684 expressum,
1063 622 1150 686 quae
1202 602 1333 663 suntin
1387 619 1460 685 ege.
1527 599 1570 663 Et
1592 599 1664 665 Lex
1686 614 1779 666 esset
1800 604 1909 666 inanis
1938 605 2087 681 sonitus,
2119 603 2186 669 nisi

166 708 271 774 opera
291 687 356 771 ipsi
376 683 541 770 placeant,
562 687 654 750 iuxta
676 686 798 750 dictum
820 683 1007 751 Ezechielis
1028 686 1081 750 20.
1112 687 1148 751 ln
1201 683 1406 751 horribilium
1418 707 1599 769 poenarum
1617 688 1825 753 comminatio
1843 689 1957 753 addita
1973 698 2078 767 esset,
2096 702 2185 776 quae

165 773 355 860 praeceptis
377 773 460 836 meis
478 768 653 836 ambulate.
715 769 797 836 ltem
824 775 859 838 in
880 771 972 836 Psal.
995 770 1151 837 Lucerna
1200 773 1316 836 ordine
1337 773 1492 837 divinitus
1515 774 1644 838 sancito
1666 785 1862 859 sequuntur,
1882 775 1945 838 nisi
1966 786 2126 860 quantum
2148 773 2185 841 at
2264 799 2268 805 ⁴

165 861 307 946 pedibus
340 858 422 922 meis
454 858 596 923 verbum
623 868 725 922 tuum.
789 856 863 923 Nec
885 871 997 923 cessat
1024 860 1057 922 in
1080 870 1150 924 tcta
1200 858 1361 944 mitigatio
1386 859 1555 937 divinitus,
1577 869 1715 944 propter
1736 858 1965 924 Mediatorem.

167 946 362 1011 aeternitate
379 943 435 1008 hic
456 945 551 1022 ordo,
584 953 620 1008 ut
642 953 795 1007 creatura
817 941 986 1010 rationalis
1004 945 1048 1008 sit
1069 947 1148 1008 sub·
1893 1025 1895 1029 y

96 1032 99 1037 ’
167 1033 254 1098 iecta
275 1028 350 1095 Deo
373 1031 526 1111 creatori,
548 1040 582 1093 et
603 1029 647 1092 sit
668 1030 699 1092 ei
714 1025 905 1093 conformis.
950 1029 1041 1108 ltem,
1064 1049 1149 1093 sem·
1287 1025 1539 1093 consideranda
1571 1040 1624 1094 est
1653 1029 1753 1114 igitur
1785 1026 1980 1114 explicatio,
2012 1030 2046 1094 in
2068 1028 2184 1094 defini·

165 1137 228 1204 per
258 1117 292 1181 in
325 1118 450 1180 renatis
478 1118 512 1181 in
543 1116 607 1180 hac
640 1116 709 1179 vita
741 1134 896 1181 erescere
913 1118 1149 1200 poenitentiam
1201 1113 1289 1178 tione
1323 1115 1412 1198 apud
1444 1111 1634 1179 iohannem.
1678 1115 1804 1179 Nostra
1842 1113 1987 1180 definitio
2021 1135 2185 1199 expresse

167 1213 316 1287 oportet,
349 1202 425 1267 ideo
457 1221 590 1284 semper
608 1202 717 1286 arguit
738 1199 808 1264 Lex
825 1198 984 1286 reliquias
1006 1202 1148 1285 peccati.
1201 1202 1316 1264 cadem
1338 1202 1494 1265 continet.
1535 1191 1740 1265 Peccatum
1767 1211 1820 1265 est
1841 1197 1993 1266 deiectus
2013 1199 2067 1267 vel
2089 1200 2184 1267 incli-

167 1288 280 1365 Quare
307 1308 441 1372 semper
467 1289 500 1351 iu
522 1284 677 1353 Ecclesia
694 1284 789 1351 Deus
812 1291 1025 1353 conservavit
1043 1298 1076 1351 et
1097 1307 1148 1352 re·
1200 1280 1301 1364 natio,
1324 1282 1378 1350 vel
1400 1288 1487 1351 actio
1501 1299 1619 1352 contra
1633 1285 1761 1372 Legem
1777 1284 1853 1367 Dei,
1877 1285 2050 1353 offendens
2058 1286 2184 1368 Deum,

51 1448 57 1456 ,
166 1377 284 1461 petivit
305 1395 425 1439 vocem
446 1373 563 1460 Legis,
584 1385 618 1437 et
634 1369 732 1436 simul
754 1373 868 1438 docuit
889 1376 921 1438 iu
950 1372 1148 1459 Evangelio,
1200 1384 1234 1436 et
1262 1392 1469 1437 commerens
1502 1373 1585 1437 iram
1616 1383 1804 1452 aeternam,
1846 1374 1909 1439 nisi
1940 1372 1998 1439 liat
2030 1372 2187 1440 remissio

167 1462 335 1550 quomodo
368 1457 503 1544 placeat
529 1458 686 1524 inchoata
708 1460 908 1524 obedientia.
953 1458 1016 1524 Est
1038 1472 1149 1525 autem
1199 1471 1340 1543 propter
1362 1455 1481 1523 Filium
1502 1458 1731 1524 Mediatorem.

167 1545 339 1633 singulare
369 1546 603 1623 testimonium,
637 1546 820 1608 ostendens
845 1542 951 1610 solius
974 1544 1148 1610 Ecclesiae

168 1635 353 1699 doctrinam
376 1652 489 1696 veram
511 1642 543 1695 et
565 1631 709 1697 divinam
732 1651 821 1708 esse,
844 1641 877 1695 et
898 1631 1007 1695 solam
1031 1630 1149 1696 Eccle-

166 1720 251 1785 siam
273 1737 350 1784 esse
379 1730 511 1783 coetum
538 1716 614 1781 Deo
635 1713 833 1799 placentem,
855 1720 944 1800 quod
967 1729 1093 1783 tantum
1114 1718 1148 1780 in

167 1825 209 1872 ea
230 1823 301 1870 sem
325 1824 362 1868 er
383 1805 504 1868 mansit
531 1816 564 1866 ct
593 1813 702 1867 manet
730 1804 922 1885 incorrupta
944 1825 1010 1869 vox
1031 1802 1147 1898 Legite,
1334 1822 1451 1926 Quae
1482 1837 1577 1906 sunt
1607 1824 1824 1907 divisiones
1856 1823 2049 1907 peccabi?

167 1891 246 1978 quia
325 1901 337 1954 t
357 1889 453 1954 Deus
471 1891 504 1953 in
525 1887 683 1953 Ecclesia
703 1900 832 1953 restare
853 1889 1009 1954 iudicium
1031 1890 1148 1955 adver-

44 2014 49 2021 ·
167 1997 227 2043 sus
259 1988 419 2060 peccata,
453 1977 573 2041 deinde
595 1985 628 2040 et
649 1975 852 2053 doctrinam,
884 1995 970 2059 quae
993 1995 1097 2059 opera
1117 1976 1148 2040 ei

166 2060 340 2150 placeant:
373 2061 465 2140 ltem,
498 2062 574 2125 ideo
597 2081 808 2138 renovamur,
840 2062 931 2125 utin
954 2071 1149 2125 totaaeter-
1286 2057 1397 2122 Prima
1418 2069 1488 2135 est,
1521 2055 1700 2131 Peccatum
1729 2055 1817 2121 alind
1851 2059 2039 2122 nominatur
2074 2056 2183 2146 Origi-

167 2150 271 2214 nitate
304 2149 347 2212 sit
379 2149 412 2211 in
435 2148 532 2212 nobis
555 2143 769 2209 conformitas
793 2166 867 2209 cum
888 2144 981 2224 Deo,
1008 2147 1094 2211 sicut
1115 2147 1148 2209 in
1199 2138 1292 2221 nale,
1331 2140 1421 2208 aliud
1447 2141 1603 2208 Actualc.
1663 2141 1904 2208 PECCATUM
1933 2142 2182 2209 ORlGlNALE

166 2234 259 2318 Lege
270 2231 390 2298 Morali
413 2222 623 2310 describitur,
645 2243 681 2295 ut
704 2229 821 2296 Roma.
832 2231 864 2297 8.
888 2232 1018 2310 dicitur,
1040 2243 1075 2296 ut
1096 2234 1147 2295 ius
1201 2238 1252 2292 est
1274 2239 1385 2292 reatus
1408 2239 1544 2313 propter
1565 2229 1663 2293 Adae
1683 2225 1717 2292 la
1741 2249 1834 2307 sum,
1857 2243 1891 2293 et
1911 2240 2048 2314 propter
2070 2232 2181 2313 priva·

168 2319 272 2405 Legis
295 2321 450 2401 inznobis
473 2316 658 2401 impleatur.
701 2316 753 2381 Ex
770 2317 988 2383 biscmnihus
1011 2315 1149 2403 intelligi
1200 2315 1323 2378 tionem
1355 2312 1441 2378 lucis
1477 2315 1625 2393 divinae,
1653 2326 1686 2378 et
1710 2250 1824 2379 tlimae
1851 2316 2031 2401 agnitionis
2063 2314 2126 2381 Dei
2148 2317 2183 2381 in

40 2428 42 2432 ’
159 2417 293 2491 potest,-
314 2426 417 2488 quare
440 2406 565 2469 dictum
586 2405 644 2467 site
666 2402 744 2466 Non
766 2406 842 2468 veni
859 2407 993 2469 solvere
1011 2403 1149 2488 Legem,
1200 2401 1364 2464 mentibus
1382 2398 1561 2479 hominum,
1584 2411 1618 2465 et
1638 2412 1774 2484 propter
1796 2403 2007 2466 aversionem
2029 2398 2182 2466 volunta·

167 2493 229 2555 sed
251 2489 397 2575 implere.
442 2489 535 2555 Sicut
557 2491 589 2551 in
608 2501 679 2554 tota
689 2491 885 2555 aeternitate
904 2503 1013 2554 manet
1031 2492 1149 2555 eadem
1201 2487 1243 2552 tis
1266 2507 1286 2551 a
1307 2484 1401 2565 Deo,
1432 2498 1465 2550 ct
1491 2497 1629 2571 propter
1660 2488 1902 2551 contumaciam
1932 2487 2062 2566 cordis,
2097 2507 2184 2572 quac

167 2589 202 2642 et
233 2573 445 2641 immutabilis
479 2575 640 2659 sapientia
668 2585 702 2640 et
724 2578 889 2641 rectitudo
912 2573 1092 2642 voluntatis
1114 2577 1147 2639 in
1199 2570 1288 2637 mala
1309 2583 1452 2657 sequuta
1472 2584 1551 2637 sunt
1571 2570 1703 2656 lapsum
1736 2573 1832 2637 Adae
1868 2575 1902 2638 in
1928 2585 2048 2639 natura
2077 2571 2183 2641 homi·

166 2660 256 2742 Deo,
277 2663 327 2727 sic
349 2672 460 2726 manet
480 2660 553 2726 Lex
574 2658 733 2739 Moralis,
755 2682 840 2747 quae
862 2663 961 2727 nobis
982 2660 1150 2747 patefacta
1199 2680 1290 2737 num,
1323 2669 1358 2724 et
1384 2670 1462 2723 sunt
1488 2659 1676 2724 inimicitiae
1704 2660 1871 2727 adversus
1900 2657 2027 2739 Deum,
2060 2670 2093 2724 et
2121 2661 2181 2726 da·

167 2760 230 2825 est,
252 2759 288 2813 ut
309 2749 468 2826 sciamus,
492 2749 582 2832 quod
604 2747 647 2812 sit
664 2746 771 2827 Deus,
801 2759 835 2812 et
856 2747 965 2834 qualis
987 2749 1043 2812 sit.
1087 2748 1148 2815 lm·
1202 2757 1314 2813 mnata
1335 2765 1358 2810 a
1371 2743 1457 2811 Deo.

166 2832 236 2919 plet
258 2844 368 2898 autem
385 2831 541 2898 Christus
558 2832 684 2920 Legem
705 2846 848 2919 quatuor
869 2836 986 2900 modis.
2162 2880 2166 2885 -

1287 2913 1479 3001 Descriptio
1492 2911 1722 2981 circumfertur
1737 2915 1771 2981 in
1792 2901 1959 2995 Ecclesia,
1982 2928 2115 3003 sumpta
2136 2919 2181 2984 ab

210 2970 238 3035 Ρ
239 2973 368 3050 fimum:
390 2968 833 3076 8⁰³‚P10Pfl²²‚⁰b⁰dl⁰¹¹ll³·
1200 2997 1407 3067 Anshchno:v
1434 3000 1613 3067 Peccatum
1646 3000 1818 3089 Originale
1847 3014 1899 3067 est
1916 3005 2065 3068 carentia
2087 3004 2181 3069 iusti·

209 3055 379 3161 semum,
397 3056 642 3161 Dqssvendvn
664 3077 702 3121 ⁸⁶
719 3077 873 3163 P⁰⁶3¹¹³sa2
1027 3143 1035 3160 ,
1200 3088 1266 3151 trae
1283 3086 1455 3171 capnos
1479 3089 1741 3153 retractasse
1764 3089 1963 3154 hominbus.
2008 3088 2100 3154 Haec
2123 3090 2180 3156 us

83 3178 112 3205 .-
209 3140 335 3220 Tertro,
357 3141 576 3207 Restituendo
597 3164 631 3208 m
653 3146 751 3210 nobis
772 3155 928 3208 rustrtram
950 3153 983 3208 et
1004 3153 1106 3207 vitam
1200 3172 1337 3256 wippo
1370 3177 1481 3258 reipsa
1513 3175 1669 3260 congrui,
1690 3194 1765 3256 ,um
1793 3188 1920 3240 „om
1950 3168 1956 3182 ’
1987 3175 2057 3241 Sed
2080 3195 2180 3242 voca,

160 3266 165 3271 ·
277 3238 475 3330 ἃθῑθΐΰθῐῦχ
624 3313 632 3332 ‚
738 3314 778 3332 ,‚
1003 3313 1012 3331 ,
1201 3256 1279 3323 bula
1301 3268 1393 3324 recte
1418 3261 1673 3343 interpretanda
1695 3271 1785 3325 sunt.
1849 3260 1976 3325 lustitia
2006 3260 2179 3346 originalis

211 3312 351 3392 Quarto,
375 3312 575 3390 S³¹¹⁰¹0¹¹d⁰2
604 3324 691 3378 ⁸¹⁰¹¹l
715 3314 811 3379 ⁶¹⁰¹&
840 3313 915 3377 N⁰¹¹
937 3333 1013 3380 V⁸¹¹¹
1036 3310 1105 3378 ⁵⁰¹·
1199 3343 1366 3427 significat
1398 3358 1431 3409 et
1463 3347 1725 3431 acceptationem
1758 3359 1790 3410 et
1819 3346 2057 3426 rectitudinem,
2092 3366 2181 3433 quac

274 3418 354 3465 vele
376 3399 502 3486 Legem
524 3410 588 3463 ⁰²⁰·
1197 3427 1258 3493 suit
1291 3440 1369 3494 ante
1390 3428 1538 3515 lapsum,
1569 3428 1722 3496 videlicet
1743 3428 1851 3497 lucem
1881 3442 1915 3496 et
1937 3429 2064 3496 firmam
2085 3433 2180 3520 agni·

1198 3516 1320 3580 tionem
1340 3515 1405 3582 Dei
1423 3519 1456 3581 in
1479 3526 1587 3591 mente
1605 3516 1765 3595 hominis,
1787 3528 1822 3582 et
1844 3521 2094 3602 congruentiam
2118 3538 2178 3583 vc·

553 3674 556 3679 ⁴
1195 3598 1333 3668 luntatis
1356 3615 1389 3667 et
1413 3603 1524 3667 cordis
1547 3622 1622 3666 cum
1633 3603 1720 3681 Deo,
1742 3603 1797 3688 qui
1819 3603 1853 3667 in
1875 3602 2064 3668 hominibus
2088 3601 2180 3670 velut

308 3748 321 3761 ,
471 3729 505 3812 Ε
549 3729 632 3814 PE
649 3727 684 3814 O
700 3728 735 3815 C
750 3728 793 3812 A
807 3726 897 3814 ΤΟ
1197 3688 1230 3751 in
1248 3684 1371 3773 templo
1394 3709 1456 3752 suo
1479 3687 1675 3768 habitasset,
1709 3700 1742 3752 et
1763 3709 1857 3752 suam
1880 3690 2098 3773 sapientiam,-
2127 3691 2177 3755 iu·

416 3731 456 3825 D
801 3792 805 3797 ’
900 3795 908 3811 ·
1197 3775 1331 3852 stitiam,
1349 3783 1383 3837 et
1403 3771 1564 3839 laetitiam·
1583 3775 1633 3839 eis
1655 3775 1955 3852 communicasset,
1982 3775 2012 3838 si
2034 3795 2101 3839 non
2124 3795 2177 3840 es-

747 3886 750 3890 ·
1197 3870 1272 3924 sent
1299 3855 1396 3962 lapsi.
1442 3859 1536 3924 llaec
1564 3861 1677 3963 omnia
1706 3859 1934 3964 significantur
1966 3861 2000 3925 in
2031 3859 2097 3927 hac
2120 3862 2177 3966 de·

426 3982 536 4086 Quid
566 3998 629 4067 est
658 3987 896 4096 peceatum?
1197 3943 2178 4119 ittit‘hhillhtthtfitd‘tgiiahtffttt

318 4121 321 4125 ’
956 4110 961 4124 ’
1195 4051 1274 4180 licet
1297 4128 1331 4181 et
1353 4128 1465 4182 reatus
1489 4128 1522 4181 et
1539 4117 1649 4205 caligo
1677 4118 1859 4198 inmente,
1893 4129 1927 4184 et
1948 4121 1980 4184 in
2003 4108 2177 4187 voluntate

252 4199 409 4266 Definitio
423 4200 535 4264 brevis
547 4208 638 4264 extat
655 4200 687 4263 in
704 4198 856 4285 Epistola
866 4201 1040 4266 Iohannis:
1063 4200 1146 4267 Pec-
1195 4201 1328 4268 aversio
1352 4224 1373 4268 a
1394 4201 1481 4283 Deo,
1503 4216 1536 4268 et
1558 4203 1591 4267 in
1616 4205 1720 4270 corde
1742 4205 1953 4271 contumacia
1974 4217 2091 4270 contra
2111 4203 2176 4271 Le-

168 4297 278 4352 catrun
301 4298 353 4352 est
365 4285 526 4373 quidquid
548 4296 601 4350 est
620 4296 738 4351 contra
759 4286 809 4352 Le
834 4307 884 4351 ern
897 4286 971 4352 Dei.
1006 4286 1145 4374 Ἆμαρτία
1196 4307 1274 4374 gem
1295 4288 1376 4368 Dei,
1407 4301 1441 4354 ct
1469 4309 1536 4354 non
1559 4310 1638 4354 esse
1660 4287 1816 4376 templum
1836 4290 1912 4355 Dei.
1974 4290 2066 4356 llaec
2087 4288 2177 4357 mala

166 4377 246 4438 ἐστὶν
263 4371 382 4454 ἀνομία.
405 4371 498 4437 llaec
510 4374 620 4438 brevis
633 4371 777 4437 definitio
801 4308 916 4439 dgextre
934 4370 1145 4460 intelligatur,
1195 4375 1246 4440 sic
1269 4375 1447 4461 descripsit
1468 4374 1585 4461 Hugo:
1618 4373 1797 4443 Peccatum
1820 4373 1980 4461 originale
2006 4378 2090 4442 esti
2116 4397 2175 4442 no·

166 4456 320 4525 videlicet
346 4479 414 4526 non
448 4470 573 4523 tantum
596 4460 637 4524 dc
659 4459 866 4539 actionibus,
898 4460 1080 4525 sedetiam
1102 4461 1145 4526 de
1195 4462 1302 4526 rantia
1334 4462 1377 4526 de
1398 4459 1473 4526 Dec
1494 4464 1528 4527 in
1550 4475 1676 4543 mente,
1705 4474 1738 4528 et
1759 4463 1978 4528 inobedientia
2002 4464 2036 4527 in
2057 4398 2176 4528 volum

13 4574 18 4581 ·
75 4610 81 4623 ,
165 4546 377 4611 interioribus
396 4541 593 4624 defectibus,
611 4545 652 4609 de
674 4541 816 4631 caligine
833 4558 869 4621 et
884 4547 1144 4613 dubitationibus
1194 4557 1264 4612 tate
1285 4560 1319 4612 et
1341 4548 1454 4613 corde.
1498 4544 1566 4612 dlii
1592 4570 1658 4614 uno
1687 4551 1819 4615 nomine
1847 4546 1933 4613 haec
1954 4546 2041 4612 mala
2064 4550 2175 4614 omnia

165 4630 200 4695 in
221 4642 343 4709 mente,
362 4633 403 4696 de
424 4633 601 4696 aversione
623 4629 803 4697 voluntatis
826 4643 860 4697 et
882 4632 993 4698 cordis
1015 4653 1037 4697 a
1057 4631 1145 4712 Deo,
1194 4635 1405 4698 nominarunt
1436 4630 1557 4698 malam
1590 4634 1910 4721 concupiscentiam,
1943 4635 2020 4720 quia
2048 4632 2175 4719 Paplus

167 4715 209 4779 de
240 4717 431 4782 tristissima
460 4718 660 4796 desertione,
693 4719 783 4802 quod
815 4738 883 4783 non
910 4714 1000 4783 lucet
1028 4719 1061 4782 in
1083 4718 1144 4785 ho·
1195 4719 1245 4785 sic
1266 4717 1411 4806 loquitur
1434 4711 1576 4784 Roman.¹
1596 4720 1628 4785 7.

132 4856 135 4861 .
165 4801 253 4866 mine
285 4800 348 4868 Sol
380 4803 523 4869 iustitiae
550 4800 654 4867 Filius
674 4800 760 4882 Dei,
793 4805 975 4868 ostendens
997 4803 1142 4885 Patrem,

166 4896 201 4951 et
221 4888 412 4954 accendens
431 4890 535 4954 corda
556 4888 682 4975 Spiritu
704 4901 833 4956 sancto.
882 4887 1088 4977 intelligatur
1110 4901 1144 4957 et
1279 4887 1491 4955 ACTUALE
1514 4907 1568 4958 est
1589 4891 1697 4957 omnis
1714 4892 1966 5042 actioptssnans
1979 4913 2055 4956 cum
2066 4891 2173 4978 Lege,

165 4982 279 5038 reatus
300 4975 336 5039 in
357 4972 557 5055 definitione,
583 4976 673 5061 quod
700 4974 856 5043 videlicet
880 4975 980 5041 bomo
1007 4987 1144 5061 propter
1195 4986 1264 5042 tum
1284 4976 1325 5065 in,
1339 4988 1460 5056 mente,
1481 4990 1518 5042 ut
1539 4977 1761 5044 dubitationes
1783 4977 1826 5043 de
1882 4997 1934 5056 eo,
1967 4990 2036 5042 tum
2059 4979 2093 5060 in
2115 4999 2174 5044 vo·
2213 5041 2219 5047 .

165 5070 342 5144 peccatum
375 5079 454 5125 reus
488 5063 532 5127 sit
565 5072 721 5128 aeternae
752 5062 822 5127 irae
849 5059 929 5141 Dei,
956 5072 989 5127 et
1005 5081 1145 5148 poenae,
1195 5061 1323 5130 luntate
1352 5072 1387 5129 et
1414 5064 1537 5145 eorde,
1567 5075 1606 5129 nt
1626 5062 1780 5139 incendia
1800 5058 1963 5130 malorum
1986 5062 2180 5146 affectuum,
