4628 5588
126 41 228 157 ‘oro
649 132 655 149 .
786 86 897 153 rum
916 86 1019 153 nnn.
1038 85 1519 152 sesurxooormncs.
1717 58 1725 79 “
1830 160 1835 175 ,
1990 184 1993 191 Ι
2108 85 2234 165 oso,

157 276 294 347 fueram
315 269 487 362 Episcopi,
509 296 573 362 ego
596 292 754 356 octaruS,
785 278 840 363 qui
869 298 986 342 omnes
1015 279 1061 341 ita
1083 278 1141 341 ob·
1194 276 1275 343 didit
1307 289 1453 342 mutuam
1476 276 1719 341 coniunctionis
1741 275 1991 360 appetitionem,
2014 278 2116 363 qdac,
2139 290 2179 343 nt

160 377 381 432 servaverunt
398 363 488 430 bunc
511 366 606 428 diem.
651 364 774 429 Habuit
796 376 829 428 et
847 362 966 429 Latina
987 361 1142 428 Ecclesia
1194 384 1295 449 supra
1319 364 1396 443 dixi,
1419 364 1450 427 in
1470 378 1587 428 natura
1610 365 1740 446 integra
1763 364 1861 427 etiam
1884 359 2021 441 fuisset,
2045 377 2077 428 et
2097 361 2178 429 fuis·

79 513 86 527 ,
157 454 294 519 maritos
316 451 520 517 Sacerdotes
543 448 647 543 longo
668 461 828 534 tempore,
851 451 1017 537 utSyrioii
1038 448 1141 533 histo·
1194 462 1246 515 set
1270 450 1431 517 ordinata.
1477 449 1574 514 Nunc
1596 446 1764 513 inclinatio
1787 446 1845 513 illa
1867 469 1934 513 non
1957 446 2088 515 sublata
2111 461 2177 528 est,

157 540 209 605 ria
230 549 381 609 testatur.
405 538 460 622 qui
478 538 603 620 primus
627 534 786 602 divellere
809 538 965 623 coniugia
977 536 1140 602 Sacerdo·
1194 536 1267 613 sed,
1290 551 1326 600 ut
1348 537 1427 614 dixi,
1450 549 1591 621 vagatur
1614 536 1686 599 siue
1708 536 1840 613 ordino,
1863 535 1939 599 ideo
1959 536 2068 622 magis
2090 556 2177 620 opus

156 637 227 691 tum
249 626 282 689 in
305 623 467 707 Hispania
489 635 630 687 conatus
649 635 710 701 est,
733 625 796 687 etsi
808 624 1009 689 Sacerdotes
1023 623 1142 706 Hispa·
1194 636 1246 687 est
1269 624 1434 709 coniugio.
1479 621 1633 707 Pugnant
1654 622 1752 707 igitur
1775 643 1849 687 cum
1871 634 2001 701 natura,
2023 630 2079 707 qui
2101 642 2179 706 pro·

158 713 193 777 ni
215 731 336 797 parere
358 711 494 774 decreto
518 709 639 796 Syricii
662 724 877 788 recusarunt,
911 724 944 773 et
967 722 1141 793 patronum
1191 708 1307 773 bibent
1330 707 1508 795 legitimam
1531 709 1794 773 coniunctionem
1818 709 1918 771 maris
1947 721 1980 771 et
2001 705 2178 786 foeminae,

158 796 347 863 babuerunt
370 814 453 860 suae
471 816 595 862 causae
616 794 819 880 Episcopum
842 795 1140 873 Tarraconensem,
1193 810 1229 860 ut
1251 797 1280 857 si
1303 797 1517 881 prohiberent
1535 794 1694 859 bonorem
1707 796 1872 879 praestari
1891 797 2097 878 parentibus,
2119 807 2179 859 aut

157 884 214 969 qui
236 882 445 967 respondens
458 879 610 947 Romano
627 880 808 967 Episcopo,
831 884 912 947 citat
934 884 1021 947 dicta
1033 880 1141 945 Evau-
1194 878 1278 960 alia,
1331 902 1393 946 uae
1422 882 1579 946 diuinitus
1602 882 1754 946 ordinata
1776 893 1852 945 suut
1877 879 2098 946 inhominem
2119 902 2179 945 na·

157 966 256 1057 gelli,
290 988 376 1053 quae
412 980 524 1033 uetant
546 965 685 1033 dissolvi
709 971 885 1034 connubia.
931 968 999 1033 Sed
1023 969 1142 1039 reseris
1193 981 1278 1034 tura.
1356 988 1441 1055 eque
1472 969 1558 1032 enim
1592 968 1721 1052 excepti
1745 979 1821 1031 sunt
1841 968 1884 1032 ab
1902 964 1968 1031 boc
1989 967 2061 1032 iure
2083 980 2179 1032 natu·

156 1056 225 1140 psit
248 1054 400 1141 Syrioius
423 1055 508 1119 adeo
531 1067 728 1139 arroganter
749 1076 791 1121 ae
814 1052 946 1133 stolide,
968 1066 1004 1120 ut
1026 1055 1141 1119 mirum
1193 1075 1250 1117 rae
1273 1051 1343 1133 ulli,
1375 1068 1508 1138 praeter
1530 1074 1692 1139 eosquos
1715 1051 1809 1118 Deus
1833 1054 1983 1136 excepit,
2014 1055 2107 1119 iuxta
2129 1054 2179 1118 di·

156 1143 202 1207 sit
224 1153 347 1207 tantam
369 1152 449 1205 tuuc
471 1143 504 1204 in
516 1138 670 1205 Ecclesia
693 1143 865 1218 inscitiam,
887 1141 1072 1217 audaciam,
1085 1143 1141 1204 im·
1194 1139 1429 1219 ctumerlsti,
1452 1138 1616 1218 videlicet,
1638 1140 1693 1225 qui
1716 1152 1772 1203 aut
1790 1152 1906 1204 natura
1928 1139 2069 1205 eunuchi
2089 1156 2179 1218 sunt,
2249 1156 2252 1161 ’

156 1229 326 1314 pietatem,
348 1239 382 1291 et
405 1228 611 1312 tyrannidem
634 1223 748 1292 fuisse.
782 1227 957 1310 Vituperat
980 1228 1139 1291 honestos
1191 1240 1244 1290 aut
1271 1226 1394 1291 babent
1415 1225 1586 1312 singulare
1609 1228 1741 1291 donum.
1785 1224 1941 1291 Testatur
1962 1240 2073 1291 autem
2085 1224 2180 1290 Cbn'·

156 1316 310 1392 maritoS,
343 1325 377 1376 et
405 1312 644 1378 contumeliose
671 1324 770 1380 vocat
791 1312 962 1378 libidinum
987 1312 1141 1378 defenso·
1193 1323 1265 1377 stus
1299 1315 1330 1377 id
1366 1315 1488 1387 donum
1510 1335 1575 1377 uon
1600 1314 1793 1397 contingere
1814 1309 1944 1391 multiS,
1976 1326 2013 1377 ut
2035 1319 2178 1378 eventus

156 1421 225 1467 res.
262 1396 401 1471 ¹ltrsulse
423 1400 599 1484 detorquet
621 1413 654 1464 et
676 1401 798 1465 dictum
811 1399 906 1465 l’auli
928 1414 1045 1464 eontra
1063 1419 1140 1465 con·
1194 1402 1348 1464 ostendit.
1394 1401 1436 1464 Et
1471 1400 1617 1464 iudicare
1650 1399 1790 1546 quisque
1817 1395 1915 1463 facile
1937 1410 2066 1483 potest,
2100 1399 2181 1485 quid

155 1487 299 1572 iugium:
335 1486 577 1551 sisenandum
602 1507 734 1552 eamear
758 1488 924 1567 riseritis,
948 1487 1139 1550 moriemini.
1194 1482 1272 1549 velit
1296 1484 1420 1550 Paulus
1444 1487 1612 1571 inquiens:
1635 1482 1820 1549 lleliusest
1837 1487 1976 1564 nubere,
1995 1506 2094 1570 quam
2116 1485 2179 1550 uri.

156 1573 194 1641 Si
217 1584 309 1637 tanta
333 1583 405 1636 erat
427 1571 573 1651 inscitia,
597 1586 632 1637 at
653 1574 871 1637 arbitraretur
892 1570 958 1637 boo
981 1574 1069 1636 dicto
1092 1575 1140 1637 vi·
1193 1569 1276 1635 Cum
1298 1573 1397 1657 igitur
1419 1575 1470 1637 ius
1494 1573 1640 1636 «lirinum
1663 1582 1697 1636 et
1726 1566 1876 1636 naturale
1905 1573 2111 1654 praecipiant
2132 1574 2179 1635 uti

156 1658 302 1744 tuperaru'
325 1659 527 1744 coniugium,
550 1657 654 1723 multo
673 1660 805 1746 dignior
827 1658 886 1723 fuit
904 1659 1065 1751 SyrjciuS,
1085 1659 1141 1744 qui
1194 1659 1350 1744 coniugio
1373 1661 1537 1736 omnibus,
1563 1659 1620 1743 qui
1642 1678 1709 1722 nou
1733 1671 1807 1722 sunt
1828 1658 1871 1720 ad
1889 1655 2085 1722 coelibatum
2107 1658 2181 1723 ido·

94 1754 123 1799 '-
155 1765 266 1811 remos
290 1747 323 1808 in
338 1746 422 1809 bavi
446 1747 599 1829 agitaret,
621 1766 719 1830 quam
742 1748 797 1830 qui
819 1747 860 1810 ad
879 1743 1139 1830 gubemmcnlum
1191 1744 1256 1823 uei,
1279 1755 1314 1808 et
1330 1747 1535 1810 consuetudo
1557 1745 1681 1828 primae
1693 1741 1868 1809 Ecclesiae
1892 1755 2042 1823 testetur,
2061 1745 2181 1809 Sacer·

154 1833 188 1898 m
211 1828 367 1897 Ecclesia
389 1830 514 1895 Christi
537 1831 680 1896 sederet.
726 1830 793 1897 Sed
828 1833 856 1895 si
889 1833 1001 1896 sciens
1025 1833 1070 1894 ita
1091 1829 1140 1896 lu·
1193 1830 1290 1895 dotes
1313 1828 1418 1895 luisse
1440 1834 1588 1909 maritos,
1612 1832 1694 1895 satis
1718 1827 1830 1915 liquet,
1853 1827 1962 1916 legem
1980 1831 2021 1893 de
2034 1826 2207 1895 coeliba-'

153 1919 210 1996 sit,
232 1918 433 2002 impudentia
451 1914 556 1981 multo
578 1919 686 2004 magis
708 1914 768 1982 lirit
790 1920 890 2004 digna
912 1919 1008 1994 odio,
1041 1939 1140 2002 quam
1193 1928 1229 1982 tu
1262 1918 1416 1985 iniunam
1438 1932 1471 1983 et
1494 1915 1694 1982 abolendam
1718 1937 1815 1994 esse,
1848 1928 1882 1979 et
1904 1917 2099 2001 sacerdotes
2124 1917 2181 2001 qui

157 2004 300 2069 inscitia.
349 2001 470 2068 Vivere
493 2005 677 2067 secundum
699 2026 846 2084 caruem,
869 2018 919 2068 est
942 2024 1039 2068 ruere
1063 2024 1141 2068 con·
1194 2004 1319 2068 ducunt
1340 2026 1476 2084 uxores,
1498 2017 1589 2068 recte
1612 2017 1645 2068 et
1667 2005 1721 2087 pie
1743 2000 1866 2067 facere.
1901 2003 1969 2067 Sed
1992 2005 2068 2087 quia
2091 2005 2182 2068 banc

142 2090 208 2156 ‘tra
230 2080 387 2155 mandata
409 2086 485 2166 Dei,
508 2110 574 2153 nou
597 2090 766 2175 significat
788 2093 834 2158 uti
856 2093 1030 2175 coniugio,
1053 2091 1140 2168 cibo,
1192 2090 1401 2155 verissimam
1435 2092 1630 2156 sententiam
1664 2088 1795 2173 quidam
1818 2090 1938 2172 ineptis
1961 2086 2181 2154 cauillationi·
2217 2102 2228 2121 ’

154 2188 248 2263 potu,
272 2176 366 2240 iuxta
387 2176 543 2239 mandata
561 2174 637 2240 Dei.
681 2177 805 2242 Postea
818 2176 1004 2263 Gregorius
1027 2196 1140 2242 sacer·
1194 2178 1257 2240 bus
1280 2173 1483 2242 labefactare
1505 2190 1678 2253 conantur,
1704 2175 1767 2239 bas
1790 2178 1937 2243 breviter
1958 2172 2134 2241 diluemus.

155 2264 268 2329 dotum
292 2262 446 2345 coniugia
469 2262 620 2326 distraxit
642 2265 675 2326 in
694 2261 819 2342 Sicilia,
841 2285 882 2329 ac
905 2262 1062 2347 paulatim
1085 2284 1141 2327 re-

154 2359 211 2415 tus
246 2348 453 2413 consuetudo
487 2346 613 2411 abolita
647 2361 708 2411 est.
763 2348 798 2413 ln
837 2347 1017 2413 Germania
1049 2369 1140 2427 sero,

155 2436 254 2499 etiam
277 2430 481 2498 reclamante
502 2433 671 2518 Episcopo
694 2434 905 2521 Augustano,
927 2446 963 2498 ut
990 2445 1140 2518 arparet,

154 2522 251 2607 gravi
285 2520 358 2584 riro
383 2516 509 2598 Ulrico,
542 2519 731 2603 impositum
765 2534 818 2585 est
846 2541 931 2586 onus
954 2540 1016 2585 coe
1030 2522 1139 2584 ibatus
1563 2506 1808 2592 ConfutatiO.

153 2608 280 2671 uostris
304 2606 551 2671 Sacerdotibus.
596 2604 727 2670 Deinde
748 2606 942 2693 llloguntiae
975 2629 1050 2672 cum
1083 2607 1139 2671 de·

156 2702 289 2759 cretum
320 2688 537 2765 llildebrandi
572 2693 729 2757 teterrimi
757 2696 897 2759 monstri
937 2713 1139 2777 proponere·

153 2791 210 2845 tur
231 2780 272 2844 de
297 2776 475 2856 coelibatu,
509 2790 604 2842 tanto
618 2776 772 2844 'tumultu'
789 2781 995 2863 repudiatum
1018 2792 1070 2845 est
1091 2779 1139 2843 iu·
1278 2774 1464 2862 Praecipua
1486 2773 1652 2841 cavillatio
1676 2790 1728 2841 est
1749 2777 1791 2842 de
1813 2790 1903 2845 voto.
1947 2774 2018 2841 Etsi
2040 2788 2182 2879 propter

153 2867 277 2931 lustum
309 2876 344 2929 et
373 2876 469 2949 turpe
491 2865 647 2943 edictum,
677 2877 714 2930 ut
746 2887 832 2950 pene
861 2888 978 2931 manus
1001 2868 1140 2931 iniectae
1192 2884 1277 2949 opes
1299 2875 1332 2928 et
1354 2863 1565 2949 splendorem
1589 2864 1731 2931 ncerdo
1823 2864 2009 2929 defenditur
2032 2860 2179 2929 coeliba-

153 2950 277 3017 fuerint
299 2949 471 3034 Episcopo
489 2950 686 3036 Mogontino
709 2962 742 3015 et
765 2951 927 3031 Curiensi,
960 2954 1016 3040 qui
1049 2950 1139 3039 loga·
1191 2962 1256 3028 tus,
1290 2961 1400 3016 tamen
1423 2963 1537 3015 votum
1558 2951 1728 3035 praetexit:
1814 2948 1910 3014 lllulti
1931 2949 2093 3029 fatentur,
2115 2950 2178 3016 Sa-

154 3050 210 3105 tus
228 3049 302 3104 erut
325 3034 554 3115 llildebramli,
589 3039 650 3100 etsi
674 3036 888 3122 llloguntinus
910 3037 973 3105 fub
988 3040 1138 3124 aequior,
1192 3037 1361 3109 eerdotes,
1393 3040 1422 3100 si
1456 3049 1535 3100 voto
1559 3057 1625 3100 non
1649 3037 1893 3133 impediremur,
1926 3057 2029 3122 posse
2051 3056 2178 3101 uxores

178 3125 211 3189 ui
233 3123 387 3208 promisit
408 3143 446 3186 se
467 3124 620 3189 daturum
643 3144 789 3207 operam,
822 3137 858 3189 ut
880 3122 1140 3190 llilrlebrandum
1192 3125 1325 3201 ducere,
1337 3123 1406 3188 Sed
1452 3123 1506 3186 uia
1527 3136 1640 3187 votum
1663 3124 1819 3201 accessit,
1840 3135 1956 3187 arcent
1977 3143 2037 3186 eos
2059 3143 2080 3187 a
2099 3144 2179 3187 con·

151 3145 198 3275 de
220 3209 386 3273 sententia
411 3208 602 3273 deduceret.
647 3208 753 3274 blulta
786 3208 852 3274 alia
875 3211 1061 3276 testimonia
1084 3231 1139 3274 ex·
1191 3210 1292 3293 iugio.
1337 3209 1405 3275 Sed
1428 3144 1524 3273 liaeo
1547 3210 1689 3273 obiectio
1712 3206 1823 3276 multis
1847 3209 2041 3273 firmissimis
2064 3211 2178 3274 causis

132 3307 237 3374 ¹tamt,
260 3315 347 3381 quae
370 3296 550 3358 ostendunt
570 3295 747 3373 admodum
769 3309 933 3361 recentem
957 3318 1034 3361 esse
1052 3296 1140 3360 banc
1192 3297 1326 3360 refutari
1346 3306 1467 3380 potest.
1512 3294 1566 3359 Ac
1586 3297 1778 3381 priusquam
1800 3297 1844 3360 ad
1867 3293 2097 3367 refutationem
2119 3317 2176 3361 ac-

153 3378 266 3468 legem
289 3380 331 3444 de
355 3378 534 3455 coeltbatm
556 3400 642 3464 quae
664 3401 753 3446 nunc
772 3384 814 3446 ab
837 3384 1039 3471 adversariis
1062 3381 1138 3468 plns
1192 3385 1288 3461 cedo,
1310 3381 1376 3447 boe
1398 3377 1536 3466 postulo
1554 3384 1596 3446 ab
1620 3382 1705 3455 istis,
1728 3382 1783 3467 qui
1806 3395 1919 3447 votum
1941 3378 2103 3467 allegant:
2137 3381 2177 3447 Si

155 3488 255 3553 quam
277 3467 471 3531 Neroniana
493 3464 689 3535 crudelitate
711 3465 908 3535 defenditur.
943 3470 1139 3555 Quanquam
1192 3481 1316 3534 tautum
1339 3481 1419 3553 roto
1442 3468 1614 3551 impeditur
1638 3470 1842 3552 coniugium,
1866 3490 1926 3533 cur
1947 3490 2015 3533 non
2038 3465 2177 3532 abolent

155 3567 268 3618 autem
302 3572 357 3616 res
376 3566 456 3616 nota
478 3554 533 3630 sit,
567 3565 673 3617 tamen
697 3551 782 3619 baec
804 3557 976 3635 recensui,
1008 3570 1043 3621 ut
1064 3558 1138 3641 ipsa
1190 3555 1348 3640 Episcopi
1370 3575 1494 3618 morem
1518 3555 1671 3632 vovendi,
1697 3577 1771 3619 cum
1794 3556 1927 3619 rideant
1949 3555 2025 3620 imle
2047 3566 2176 3619 tantum

155 3636 310 3723 exempla
332 3637 631 3704 commonefaciant
653 3636 816 3720 lectores,
850 3644 1037 3728 coniugium
1070 3662 1137 3706 non
1191 3642 1269 3705 oriri
1293 3637 1481 3705 scelerum?
1504 3662 1578 3704 cum
1602 3639 1932 3705 rideautEcclesiam
1955 3642 2039 3705 adeo
2063 3637 2177 3703 defor-

154 3746 305 3811 pugaare
329 3747 404 3789 eum
426 3726 554 3799 ordine,
576 3738 611 3789 ut
633 3723 733 3812 aliqui
752 3730 928 3808 somniant,
951 3742 984 3793 et
995 3749 1057 3792 nos
1070 3748 1137 3793 nou
1189 3742 1311 3792 matam
1335 3746 1413 3790 esse
1435 3727 1659 3810 spurcissimis
1681 3730 1829 3792 moribus
1851 3724 2085 3811 plurimorum?
2101 3726 2176 3791 Neo

155 3832 234 3876 esso
254 3823 390 3875 autores
413 3813 490 3875 nori
513 3808 653 3897 exempli
677 3813 708 3876 in
721 3812 885 3895 Ecclesia,
909 3816 969 3879 sed
993 3828 1138 3881 veterem
1191 3814 1324 3877 dubium
1347 3824 1415 3892 est,
1432 3811 1584 3897 singulos
1606 3812 1793 3898 Episcopus
1819 3814 1908 3879 banc
1930 3815 2072 3880 vovendi
2096 3833 2176 3877 con·

155 3906 190 3962 et
210 3899 298 3982 piam
321 3899 593 3963 consuetudinem
616 3919 788 3965 revocare.
1191 3900 1398 3965 suetudinem
1433 3900 1465 3962 in
1488 3919 1550 3963 sua
1571 3900 1717 3963 dioecesi
1740 3912 1772 3964 et
1794 3920 1898 3985 posse
1912 3914 1954 3965 'et
1970 3901 2094 3964 debere
2116 3892 2179 3964 ab?

1188 4005 1324 4071 rogare.
1346 3983 1477 4051 Deinde
1498 3985 1583 4050 baec
1606 3998 1675 4050 tota
1698 3989 1906 4052 consuetudo
1925 3986 2065 4051 vovendi
2081 4006 2177 4070 pror·

1190 4092 1249 4136 sus
1272 4072 1426 4136 dissentit
1449 4094 1468 4136 a
1492 4086 1608 4137 natura
1633 4072 1711 4149 uoti,
1735 4085 1768 4137 et
1788 4071 1888 4156 plena
1911 4072 2177 4157 estambiguita·
2264 4088 2271 4103 ·

468 4232 476 4248 .
644 4217 646 4221 ,
845 4214 850 4219 .
1189 4171 1270 4236 tum,
1291 4157 1336 4222 Ut
1359 4158 1557 4244 ll'ypocrisis
1579 4170 1631 4223 est
1655 4157 1830 4244 flexiloqua
1866 4172 1899 4223 et
1927 4161 2087 4243 ambages
2116 4155 2176 4222 ba·

375 4228 596 4333 ‘Qumtum
628 4244 923 4342 argumentum.
1191 4246 1245 4309 bet
1268 4241 1437 4329 plurimas.
1460 4243 1617 4324 Primum,
1640 4245 1766 4309 etiamsi
1785 4259 1919 4323 vovent,
1936 4257 2044 4309 tamen
2058 4262 2176 4309 orrrnes

911 4375 914 4386 ·
1190 4333 1245 4415 qui
1268 4333 1432 4397 accedunt
1455 4329 1608 4396 adbunc
1626 4333 1778 4417 gradum,
1803 4329 1939 4396 mallent
1961 4352 2027 4396 non
2038 4348 2176 4406 vovere,

267 4466 271 4473 .
383 4484 389 4500 .
636 4483 644 4501 ⁶
792 4487 799 4502 ³
1057 4486 1064 4503 ι
1129 4487 1137 4505 ι
1190 4413 1305 4483 dolent
1337 4417 1424 4482 ritae
1457 4437 1565 4505 genus
1599 4430 1770 4483 oneratum
1805 4438 1883 4482 esse
1916 4418 1980 4483 bac
2003 4417 2176 4483 servitute.

240 4480 413 4546 Naturalia
435 4502 514 4546 vere
536 4496 614 4547 sunt
635 4481 863 4560 rmmntabrlla,
884 4504 947 4550 nec
970 4485 1138 4569 proluberr
1190 4502 1309 4582 ΡΜ,
1332 4504 1407 4567 Non
1432 4516 1484 4569 ,q
1507 4516 1636 4582 votum,
1658 4505 1748 4591 quod
1770 4526 1836 4568 nm,
1860 4516 1913 4570 est
1943 4502 2176 4569 voluntarium,

155 4567 286 4654 lesslbffll
309 4569 461 4632 ¹¹¹¹¹¹¹i¹¹¹l⁸
483 4580 642 4651 P⁰⁸⁸¹¹¹¹¹2
674 4586 711 4636 1¹¹
733 4571 890 4655 ³PP⁰⁸lfl0
913 4585 946 4634 ⁰¹
968 4592 1050 4636 ”⁸¹¹⁸
1073 4572 1138 4636 clbl
1190 4588 1408 4673 Temporibus
1431 4591 1515 4654 baec
1538 4602 1672 4673 recepta
1694 4605 1784 4666 sunt,
1807 4602 1839 4655 et
1858 4590 2178 4655 confirmataexem·

155 4675 198 4721 ⁸⁰
219 4667 331 4758 ll⁰¹¹!⁵·
377 4652 544 4740 Appetitio
575 4658 676 4720 malls
710 4657 752 4762 ³2¹
785 4654 961 4761 s⁰ff¹¹¹l¹¹³¹¹¹
984 4670 1037 4762 θξῑ
1058 4659 1138 4722 lull-‘³
1192 4673 1257 4759 plis
1280 4674 1455 4741 multorum
1477 4689 1510 4741 et
1533 4689 1713 4761 potentum.
1741 4676 1832 4742 llaec
1854 4674 2015 4763 reliquum
2039 4672 2190 4761 uulgus,¹

155 4737 331 4807 mmmm*
356 4737 448 4826 Ef8⁰
470 4741 1139 4829 '¹⁰¹¹⁰⁵fh¹¹¹¹¹¹¹¹¹¹⁸¹⁶S¹b¹¹⁸l³¹'⁰l²¹b⁶¹¹d⁸·
1192 4774 1228 4828 ut
1260 4759 1348 4826 solet
1382 4760 1463 4843 lieri,
1497 4763 1651 4827 imitatur.
1694 4762 1762 4827 Sed
1796 4784 1850 4828 res
1883 4766 1957 4848 ipsa
1978 4762 2132 4827 dissentit
2154 4780 2179 4829 a

448 4918 451 4923 Α
1194 4859 1312 4913 natura
1345 4853 1424 4913 voti.
1470 4850 1595 4913 Omnes
1629 4850 1715 4913 euim
1748 4852 1820 4914 sani
1854 4847 1989 4914 mallent
2010 4849 2073 4912 sibi
2096 4860 2177 4913 oon·

241 4925 404 4992 Minorem
434 4932 614 4997 ostendunt
646 4932 734 4998 dicta
761 4932 792 4996 in
818 4930 962 4997 Genesi:
1009 4930 1143 4997 Creavit
1195 4934 1269 4999 cedi
1292 4936 1492 5022 coniugium.
1536 4936 1603 5000 Sed
1628 4936 1797 5000 rideamus
1816 4937 1979 5023 ambigua.
2023 4935 2104 5001 Scio
2127 4934 2176 4999 di·

155 5013 252 5081 Deus
273 5013 457 5081 masculam
480 5029 513 5082 et
535 5016 725 5084 foeminam.
770 5018 899 5093 Quibus
916 5016 1072 5085 videlicet
1094 5019 1142 5083 iu-
1194 5021 1302 5087 versis
1336 5024 1443 5087 modis
1473 5024 1616 5107 proponi
1649 5019 1894 5108 obligationem.
1962 5018 2030 5089 Alii
2062 5021 2177 5087 dicunt
