4628 5588
154 168 219 239 rua
779 162 1016 241 emaum.
1032 146 1220 241 suumin
1236 170 1529 283 commum..
2021 259 2030 274 ‚
2095 178 2171 247 ras
2222 166 2231 183 ’

152 359 211 438 tia,
243 379 347 445 supra
369 357 630 440 Aristotelicum,
654 373 695 427 'et
716 380 819 448 supra
840 359 981 428 consilia
1003 366 1134 449 sapiens
1187 364 1455 449 obtemperantes
1476 363 1538 440 ois,
1560 372 1598 428 ut
1619 384 1694 429 cum
1716 364 1840 450 gaudio
1862 375 1898 430 et
1915 376 2169 450 congementes

152 456 233 524 tum,
268 447 325 531 qui
346 443 455 510 Deum
477 467 545 511 non
563 467 642 511 vere
663 448 837 526 invocant,
870 449 932 514 sed
954 449 1134 515 decurrunt
1187 469 1251 515 suo
1272 470 1410 535 munere
1431 444 1524 534 iungi
1546 449 1688 532 possint.
1723 447 2082 536 Singularisxdoctrina
2102 450 2171 519 hcc

152 531 197 597 ad
220 532 312 596 varia
334 543 368 596 et
385 532 587 597 inconcessa
603 534 779 618 praesidia.
803 534 894 599 llaec
917 537 1133 601 etiamsinon
1187 546 1366 620 praecepto
1386 534 1584 612 continetur,
1606 555 1681 599 cum
1703 536 1766 615 ait,
1781 546 1818 601 ut
1838 534 1933 623 fungi
1955 538 2088 620 possint
2104 557 2172 604 suo

118 682 129 697 ,
151 615 306 703 intelligit
323 618 415 683 rudis
427 631 533 698 aetas,
550 631 660 684 tamen
672 621 837 685 monenda
859 632 923 700 est,
944 633 982 687 ut
1003 622 1135 688 discant
1187 641 1324 687 munere
1345 642 1414 686 non
1436 632 1618 707 gementes.
1673 619 1759 697 Nam
1788 641 1944 725 comper
1966 641 2045 686 sese
2062 625 2169 689 omnia

112 740 115 745 ι
151 701 238 768 Ῑτεοο
261 705 339 781 duo,
358 700 545 770 iaciendum
568 725 646 770 esse
663 703 819 784 officium,
840 728 905 771 nec
920 708 1134 773 admiscenda
1188 707 1399 794 gubernatio,
1424 708 1567 770 mraxime
1594 725 1675 770 vero
1702 705 1943 771 Ecclesiastrca
1975 704 2173 775 difficillima

154 809 233 853 esse
254 788 344 853 mala
367 788 517 867 consilia,
551 802 584 855 εῖ
609 794 797 876 petendam,
829 814 870 857 ac
892 790 982 872 lorti,
1011 800 1141 880 magno*
1186 795 1241 872 sit,
1255 805 1288 858 et
1298 789 1398 878 plana
1406 811 1648 870 aerumnarum,
1659 788 2170 874 valdecumulanturaerunrnae,

152 884 187 941 et
204 877 368 939 constanti
399 879 507 939 animo
541 897 581 941 ex
606 879 780 943 ectandam
804 898 881 941 esse
908 877 1135 943 defensionem
1187 900 1260 945 cum
1272 880 1315 943 ad
1326 890 1464 943 externa
1474 879 1848 963 impedimentaaccedit
1859 879 2041 944 domestica
2052 891 2170 944 contu·

63 1008 65 1013 ,
153 960 284 1040 allec,
307 960 564 1037 sicutPsalmus
616 963 636 1028 ⁶.
658 965 720 1028 ait:
743 961 949 1029 Commendo
960 963 1036 1030 Deo
1048 968 1134 1031 viam
1185 965 1303 1043 macia,
1326 964 1651 1029 Econtraverocum
1668 962 2171 1044 domicorrcordiaest,iacilius

151 1056 254 1124 tuam,
276 1058 310 1111 et
332 1049 404 1131 ipse
427 1045 536 1112 faciet.
582 1048 672 1135 item,
691 1048 852 1114 Subditus
876 1061 950 1114 esto
972 1050 1068 1129 Deo,
1102 1061 1135 1115 εῖ
1187 1051 1344 1114 sustineri
1368 1051 1550 1116 certamina
1573 1070 1648 1114 cum
1670 1051 1817 1114 externis
1840 1046 1995 1114 hostibus
2015 1060 2172 1155 possunt.

153 1150 213 1195 ora
245 1152 329 1199 eum.
396 1136 486 1212 item,
520 1132 671 1219 Expecta
692 1135 812 1213 Deum,
843 1148 876 1201 et
894 1137 1026 1202 custodi
1046 1138 1134 1203 viam
1186 1136 1264 1201 ldeo
1286 1138 1378 1201 iubet
1398 1136 1589 1214 auditores,
1621 1146 1659 1200 ut
1684 1156 1746 1199 suc
1776 1136 1938 1221 obsequio
1959 1133 2086 1200 leniant
2107 1158 2169 1222 gu·

152 1217 234 1283 eius.
269 1217 298 1280 0
322 1217 501 1287 salutarem
523 1222 730 1305 sapientiam,
752 1242 839 1307 quae
861 1233 895 1287 et
916 1234 1055 1287 eventus
1077 1243 1134 1307 pa·
1185 1223 1420 1287 bernatoribus
1443 1233 1595 1286 caeteras
1619 1217 1849 1298 difficultates,
1879 1233 1911 1286 et
1933 1221 2072 1286 induant
2093 1241 2170 1287 eos·

151 1305 195 1368 rit
217 1300 368 1383 roeticas,
403 1317 436 1370 et
457 1307 490 1372 in
512 1305 670 1392 periculis
693 1328 848 1393 maguam
870 1308 1135 1375 consolationem
1187 1310 1261 1373 dem
1278 1307 1429 1385 affectus,
1452 1306 1629 1371 ostendant
1650 1327 1688 1371 se
1708 1302 1875 1392 publicam
1899 1304 2171 1392 tranquillitatem

152 1398 187 1453 et
210 1394 432 1457 constantiam
450 1390 666 1458 consiliorum
689 1388 807 1460 adfert.
1187 1397 1324 1478 privatis
1346 1393 1489 1478 negotiis
1512 1390 1690 1472 anteferre,
1712 1392 1885 1479 quodnisi
1907 1390 1977 1472 hat,
1999 1390 2171 1459 cumulan-

1185 1491 1239 1545 tur
1261 1480 1501 1564 impedimenta.
1804 1495 1810 1506 ·

112 1785 115 1789 .
151 1676 215 1746 DE
252 1678 540 1747 REVERENTlA
578 1679 635 1746 ET
664 1681 936 1748 OBEDOENTIA
969 1682 1136 1749 DEBITA
1212 1806 1213 1811 .
1272 1733 1473 1800 Reverentia
1492 1746 1614 1812 autern,
1643 1692 1741 1820 quarn
1763 1733 1950 1811 nominavi,
1979 1744 2032 1799 est
2061 1753 2169 1821 agno·

389 1800 612 1868 MlNJSTRlS
641 1801 896 1868 EVANGELH·
1188 1823 1479 1887 scereecsdivinc
1498 1820 1677 1885 ministerio
1695 1816 1752 1884 iun
1777 1821 1799 1898 i,
1820 1841 1862 1885 ac
1878 1838 1942 1884 nos
1963 1819 2169 1905 ipsassubii·

486 1898 493 1919 '
1189 1929 1266 1974 ccre
1289 1908 1366 1973 huic
1389 1908 1588 1986 ministerio,
1621 1926 1685 1970 nec
1706 1927 1738 1969 m
1773 1907 1903 1992 edicere
1924 1926 2024 1971 verae
2047 1906 2170 1971 doctri·

178 2000 183 2011 ·
234 1986 310 2055 Etsi
328 1993 362 2057 in
386 1995 482 2058 tertio
504 2001 686 2077 praecepto
710 1991 833 2056 dictum
856 2003 909 2056 est
931 1993 972 2057 de
988 1991 1135 2057 ministe·
1187 2015 1263 2073 nae,
1283 2014 1348 2059 nec
1371 1991 1575 2058 calumniose
1597 1994 1780 2076 depravare
1802 2005 1895 2057 τεοῖο
1917 1992 2004 2057 dicta
2026 2004 2059 2056 et
2075 2004 2169 2057 recte

150 2076 200 2141 rio
223 2073 397 2164 Evangelii
422 2077 669 2154 conservando,
692 2070 803 2141 tamen
825 2079 968 2142 maxime
989 2081 1134 2162 proban·
1187 2078 1278 2144 iacta
1300 2081 1429 2164 piorum
1451 2089 1633 2163 pastorum.
1689 2076 1864 2142 Postremo
1887 2090 1921 2143 et
1942 2079 2090 2144 moribus
2113 2096 2169 2142 eo·

152 2163 231 2227 dum
253 2177 317 2241 est,
341 2165 430 2249 quod
454 2167 487 2229 in
517 2164 583 2228 hoc
605 2173 724 2247 quarto
745 2176 927 2247 praecepto
950 2163 1071 2228 docent
1093 2165 1135 2228 de
1187 2187 1259 2230 rurn
1287 2164 1507 2228 infirmitatem
1533 2161 1677 2249 aliquam
1705 2164 1912 2244 condonare,
1937 2184 2024 2250 quae
2056 2176 2169 2227 tamen

54 2270 60 2287 ·
151 2248 340 2313 obedientia
364 2262 397 2314 et
418 2250 607 2314 reverentia
630 2247 832 2332 praestanda
854 2251 1047 2333 pastoribus
1069 2248 1134 2315 Ec·
1186 2271 1254 2315 non
1287 2251 1465 2315 coniuncta
1498 2262 1549 2314 est
1572 2272 1647 2315 curn
1668 2251 1846 2334 impietate,
1873 2269 1936 2313 nec
1958 2247 2170 2315 manifestam

152 2329 329 2399 clesiarum
352 2346 445 2400 recte
467 2335 676 2400 docentibus.
742 2334 808 2401 Sed
836 2353 969 2419 semper
991 2338 1135 2401 tenenda
1186 2336 1418 2419 turpitudinem
1442 2335 1598 2400 continet.
1664 2333 1700 2400 ld
1717 2334 1883 2421 significat
1904 2333 2071 2414 Christus,
2093 2355 2170 2400 cum
2200 2331 2207 2338 “

151 2428 203 2482 est
225 2434 361 2485 aeterna
385 2432 417 2485 et
445 2418 656 2487 immutabilis
680 2417 814 2506 regula:
847 2417 966 2506 Fugite
995 2420 1134 2487 idolola·
1185 2421 1277 2488 lavat
1296 2422 1402 2508 pedes
1425 2421 1453 2485 A
1481 2419 1679 2500 ostolorum,
1709 2433 1741 2484 et
1764 2419 1950 2505 exemplum
1968 2442 2028 2486 eos
2042 2423 2170 2486 ‘imitari

149 2506 256 2569 triam.
279 2511 370 2572 item:
395 2509 427 2572 Si
450 2510 523 2593 quis
546 2505 867 2594 aliudEvangelium
889 2507 1033 2587 docebit,
1055 2529 1134 2572 ana·
1186 2511 1285 2575 iubet.
1340 2505 1435 2572 Tunc
1456 2443 1553 2572 lavas
1573 2508 1679 2591 pedes
1697 2508 1921 2584 sacerdotum,
1951 2528 2025 2572 cum
2047 2509 2169 2572 sordes

150 2590 263 2657 thema
285 2593 339 2674 sit.
384 2591 499 2665 Quare
521 2612 664 2658 necesse
687 2605 740 2658 est
756 2594 862 2659 vitare
875 2589 975 2672 idola,
992 2613 1136 2659 necesse
1187 2616 1301 2660 eorum
1322 2589 1453 2678 placide
1475 2593 1635 2678 detergis,
1657 2604 1689 2656 et
1711 2605 1767 2656 tua
1779 2591 1951 2678 diligentia
1967 2592 2170 2658 offensiones

67 2687 100 2739 .’
150 2686 203 2743 est
226 2679 400 2744 discedere
422 2682 465 2743 ab
491 2681 560 2759 iis,‹
576 2680 631 2765 qui
653 2677 743 2745 idola
764 2689 798 2744 et
818 2679 936 2764 impias
960 2680 1134 2763 opiniones
1186 2701 1300 2758 sanas,
1322 2698 1389 2743 non
1412 2676 1599 2743 exulceres.
1644 2677 1854 2743 Contrarium
1878 2676 2003 2743 iaciunt
2018 2677 2170 2745 homines

151 2763 349 2844 defendunt,
372 2767 501 2830 etiamsi
529 2777 695 2831 vocantur
714 2766 885 2830 ordinaria
906 2778 1077 2849 potestas,
1099 2778 1135 2831 ut
1186 2765 1361 2851 prophani,
1396 2784 1460 2828 nec
1492 2761 1602 2828 solum
1631 2766 1754 2829 acerbe
1784 2766 1957 2850 exagitant
1978 2763 2067 2830 levia
2088 2766 2170 2841 vitia

119 2852 319 2915 ,auditores
347 2850 520 2936 Baptistae
548 2864 581 2915 et
604 2850 728 2917 Christi
751 2853 896 2936 oportuit
914 2853 1093 2917 dissentire
1114 2873 1136 2917 a
1186 2864 1244 2919 aut
1277 2864 1404 2927 errata,
1441 2851 1501 2914 sed
1536 2851 1633 2914 etiarn
1666 2847 1855 2914 virulentis·
1870 2848 2045 2915 calumniis
2077 2864 2171 2915 recte

73 2932 77 2937 ’
149 2935 342 3003 Pharisaeis
365 2938 598 3003 damnantibus
621 2938 792 3021 baptistae
814 2947 847 3001 et
866 2935 989 3002 Christi
1013 2939 1135 3004 doctri·
1187 2939 1276 3003 dicta
1309 2951 1343 3002 et
1365 2946 1455 3001 recte
1478 2936 1566 3001 iacta
1589 2937 1790 3021 depravant,
1821 2948 1854 3001 et
1875 2937 2047 3015 insidiose,
2067 2956 2169 3001 aucu-

149 3042 238 3087 nam.
303 3021 376 3086 Etsi
399 3035 508 3088 autem
531 3021 710 3089 dolendum
730 3034 800 3102 est,
830 3021 903 3087 fieri
924 3044 1064 3111 magnas
1087 3025 1135 3088 di·
1185 3035 1306 3107 pantur
1328 3034 1361 3087 et
1383 3034 1518 3104 captant
1550 3020 1679 3107 aliqua,
1708 3041 1794 3107 quae
1825 3022 1859 3084 in
1887 3023 2033 3106 speciem
2056 3042 2171 3107 repre·

150 3109 353 3172 structiones
382 3129 423 3173 ac
445 3111 647 3188 discordias,
681 3129 767 3195 quae
788 3111 920 3192 pariunt
942 3108 1008 3174 alia
1031 3107 1134 3174 multa
1186 3109 1286 3175 hendi
1310 3120 1343 3173 εῖ
1365 3109 1494 3173 traduci
1525 3119 1676 3192 possunt.
1743 3107 1836 3172 llaec
1858 3103 2079 3193 sycophantia
2101 3127 2169 3172 non

149 3189 250 3271 mala,
274 3195 408 3272 caedes,
430 3193 532 3272 bella,
554 3195 753 3259 mutationes
772 3196 1000 3278 imperiorum,
1022 3207 1132 3259 tamen
1186 3207 1238 3260 ast
1269 3192 1346 3261 leve
1384 3209 1574 3280 peccatum,
1614 3214 1717 3278 quare
1761 3213 1800 3257 se
1840 3194 1981 3279 quisque
2013 3188 2169 3258 adsuefa-

149 3279 341 3343 mandatum
360 3279 437 3358 Dei,
461 3281 579 3367 Fugite
596 3278 831 3358 idololatriam,
851 3293 904 3346 est
921 3280 1134 3346 immutabile.
1186 3284 1272 3360 ciat,
1304 3291 1342 3346 ut
1362 3292 1455 3344 recte
1477 3282 1639 3345 docentes
1661 3300 1705 3344 ex
1723 3280 1832 3343 animo
1855 3290 2048 3363 veneretur,
2083 3282 2117 3344 οῖ
2139 3280 2169 3344 si

136 3362 256 3429 ollecte
277 3365 379 3450 igitur
400 3365 538 3445 faciunt,
568 3369 623 3451 qui
645 3368 824 3452 seiungunt
846 3386 885 3431 se
906 3387 928 3431 a
950 3365 1134 3433 defensori·
1186 3388 1284 3454 quam
1306 3364 1431 3431 habent
1452 3364 1726 3452 imbecillitatem,
1743 3366 1817 3429 sine
1838 3367 2017 3450 impietate,
2039 3376 2072 3430 οῖ
2093 3366 2169 3430 sine

150 3451 213 3515 hus
247 3448 413 3517 idolorum
447 3464 481 3517 et
514 3453 687 3538 impiarum
720 3454 926 3537 opinionum,
960 3473 1024 3518 nec
1056 3464 1134 3518 sunt
1185 3450 1361 3519 manifesta
1383 3453 1597 3536 turpitudine,
1620 3453 1768 3537 cogitent
1789 3471 1868 3515 sese
1889 3453 1987 3515 etiam
2009 3452 2089 3515 vitia
2108 3448 2169 3516 ha·

151 3537 391 3622 suifragatores
413 3540 446 3602 in
481 3538 673 3604 defensione
695 3537 876 3620 idolorum,
909 3537 1080 3604 libidinum
1102 3550 1135 3603 et
1186 3541 1278 3618 bere,
1311 3560 1453 3624 quorum
1482 3540 1613 3602 veniam
1647 3539 1693 3602 ita
1728 3539 1795 3600 sint
1822 3537 2039 3620 impetraturi,
2071 3536 2100 3600 si
2134 3547 2169 3601 et

149 3624 414 3770 parricidiorum.
476 3624 551 3690 Hoc
574 3646 676 3777 saepe
699 3627 909 3704 dictumest,
937 3625 1047 3690 ethic
1070 3625 1134 3691 dici
1186 3623 1260 3691 aliis
1283 3625 1347 3709 ipsi
1370 3626 1559 3709 ignoscant,
1587 3635 1624 3687 ut
1646 3625 1691 3686 ait
1712 3621 1884 3687 Christus:
1917 3620 2098 3700 Remittite,
2133 3633 2168 3687 οῖ

165 3727 248 3771 ocus
270 3709 428 3792 postulat.
472 3709 603 3777 Deinde
648 3711 993 3777 ePastoribusrecte
1012 3715 1135 3777 docen·
1185 3713 1368 3776 remittetur
1390 3710 1498 3777 vobis.
1542 3709 1632 3774 Nota
1653 3721 1704 3772 est
1726 3720 1824 3772 vetus
1840 3706 1955 3772 fabula
1977 3708 2168 3773 de'duabus
2273 3748 2277 3761 ·

150 3793 481 3881 tibusEvangeliurn,
504 3809 537 3862 εῖ
558 3819 626 3862 non
650 3796 904 3863 defendentihus
922 3796 1054 3884 aliquos
1076 3800 1138 3863 im·
1186 3798 1349 3863 manticis.
1415 3796 1485 3861 Sua
1513 3796 1592 3859 vitia
1624 3792 1773 3858 homines
1803 3806 1936 3879 gestant
1957 3795 1990 3857 in
2012 3796 2167 3872 mantica,

150 3879 228 3963 pios
252 3899 402 3958 errores,
424 3882 512 3946 lianc
541 3885 725 3951 doctrinam
754 3904 898 3949 necesse
926 3897 979 3949 est
1000 3884 1134 3949 infixam
1208 3903 1271 3947 uae
1288 3883 1411 3967 pendet
1430 3882 1463 3945 in
1487 3894 1603 3966 tergo,
1633 3878 1743 3944 aliena
1765 3893 1900 3964 gestant
1929 3884 1962 3944 in
1987 3881 2166 3944 contraria.

152 3983 231 4028 esse
254 3965 396 4042 oninium
420 3969 548 4051 animis,
572 3970 686 4034 deberi
708 3972 928 4035 obedientiam
954 3971 1020 4055 ipsi
1043 3971 1134 4034 mini·
1186 3904 1255 4046 hur
1276 3969 1323 4034 tui
1343 3966 1756 4052 pastorismorbosvides,
1776 3979 1852 4030 tuos
1871 3964 2041 4054 negligis?
2072 3965 2168 4052 llaec

151 4051 254 4115 sterio
276 4048 460 4135 Evangelii,
482 4054 570 4118 sicut
591 4057 670 4120 dicit
691 4069 848 4120 aeternus
867 4055 966 4121 Pater
982 4057 1025 4121 de
1034 4055 1134 4121 Filicz
1185 4056 1380 4120 iudiciorum
1412 4054 1618 4137 perversitas
1652 4052 1756 4137 gignit
1784 4063 1905 4136 postea
1931 4050 2016 4117 alias
2039 4063 2166 4135 pestes,

150 4136 249 4202 llunc
271 4137 392 4201 audite.
437 4137 480 4202 Et
496 4137 599 4203 Pilius
621 4142 667 4205 ait
689 4144 731 4207 de
753 4143 956 4208 ministerio:
986 4141 1051 4215 Qui
1070 4163 1133 4208 vos
1184 4138 1324 4206 livorem
1347 4151 1380 4204 et
1401 4141 1489 4218 odia,
1513 4159 1598 4225 quae
1620 4139 1865 4221 invocationem
1887 4139 2078 4221 impediunt.
2122 4136 2167 4202 Et

152 4224 253 4302 audit,
277 4244 330 4288 me
347 4225 449 4289 audit.
494 4225 606 4298 Quare
621 4227 831 4292 execrandus
855 4238 908 4291 est
929 4225 1021 4293 furor
1032 4228 1134 4293 masis
1185 4228 1348 4291 interdum
1369 4226 1558 4310 perniciosa
1581 4224 1718 4289 dissidia
1734 4237 1918 4310 sequuntur
1938 4226 1971 4288 in
1989 4220 2166 4302 Ecclesiis,

152 4330 226 4373 mae
247 4307 464 4375 multitudinis
486 4310 672 4390 hominum,
706 4333 792 4397 quae
822 4315 1002 4378 contemnit
1022 4312 1134 4380 Evan·
1186 4332 1272 4399 quae
1293 4323 1385 4378 recte
1408 4313 1608 4377 constitutae
1629 4307 1771 4376 fuerant.
1815 4311 1875 4374 llis
1897 4307 1992 4374 malis
2011 4331 2088 4376 cum
2109 4328 2167 4373 oc·

154 4393 274 4480 galium
297 4407 329 4460 et
350 4397 566 4461 ministerium
588 4395 772 4484 Evangelii.
825 4396 978 4463 Debetur
1001 4411 1034 4464 et
1051 4401 1134 4484 ipsis
1187 4399 1356 4464 casionem
1389 4400 1527 4483 praebet
1559 4397 1670 4462 iudicii
1704 4399 1752 4461 tui
1778 4398 1984 4481 perversitas
2007 4396 2050 4461 de
2071 4408 2167 4460 recta

152 4481 344 4565 pastoribus
368 4494 458 4547 recte
477 4485 675 4550 docentibus
697 4485 883 4550 obedientia
904 4485 938 4548 in
960 4485 1025 4564 his,
1047 4506 1134 4571 quae
1186 4486 1394 4561 docentibus,
1416 4484 1505 4547 scias
1526 4485 1568 4548 ad
1592 4493 1626 4547 te
1647 4483 1811 4566 pertinere
1840 4483 2062 4547 tristissimam
2085 4502 2166 4546 con·

154 4566 197 4629 ad
220 4566 434 4634 ministerium
456 4571 633 4654 pertinent,
666 4572 787 4649 idest,
818 4571 851 4634 in
874 4568 1073 4656 Evangelio,
1101 4581 1135 4637 et
1185 4573 1315 4637 cionern
1344 4567 1485 4634 Christi:
1518 4568 1594 4635 Vae
1626 4565 1770 4646 homini,
1802 4589 1863 4653 per
1891 4588 1989 4652 quern
2018 4567 2166 4632 exoritur

154 4670 235 4716 vera
266 4652 493 4721 iurisdictione
525 4657 644 4722 tradita
664 4657 699 4721 in
725 4653 920 4742 Evangelio.
986 4662 1064 4724 item
1086 4658 1133 4723 di·
1185 4652 1391 4724 scandalum.
1437 4652 1614 4721 Caeterum
1635 4651 1842 4740 longiorest
1864 4655 2017 4719 doctrina
2035 4656 2077 4729 da
2099 4653 2167 4717 riti·

151 4733 265 4815 lectio,
288 4745 482 4821 reverentia,
507 4744 626 4821 victus,
654 4739 816 4809 defensio.
882 4740 975 4808 llaec
1007 4740 1134 4829 aliquo·
1186 4745 1261 4822 bus,
1279 4762 1365 4829 quos
1387 4739 1546 4826 Episcopi
1568 4761 1629 4891 sep
1649 4753 1804 4825 pastores
1825 4739 2016 4818 instituunt,
2045 4759 2105 4803 seu
2127 4749 2167 4804 ut

31 4848 39 4868 ·
156 4824 218 4888 ties
236 4826 396 4909 praecipit
416 4825 556 4906 Paulus,
576 4840 613 4893 ut
637 4829 667 4893 l.
684 4829 800 4895 Thess.
823 4825 954 4893 ultimo:
982 4827 1053 4894 Eos
1075 4830 1132 4916 qui
1185 4826 1288 4917 vulgo
1311 4828 1462 4906 dicimus,
1486 4829 1601 4893 detra
1624 4828 1779 4892 itionibus
1802 4823 1966 4890 humanis.
1989 4826 2023 4888 ln
2045 4820 2165 4889 Eccle-

155 4921 314 4994 praesunt
336 4911 368 4974 in
391 4915 513 4992 verbo,
545 4912 671 5000 diligite
692 4912 896 4982 excellenter
916 4928 1053 4999 propter
1074 4917 1133 4981 mi·
1185 4915 1245 4980 siis
1276 4924 1368 4981 τοοῖο
1399 4915 1577 4992 institutis,
1608 4914 1665 4978 ubi
1692 4914 1776 4977 ritus
1805 4913 1955 4977 serviunt
1982 4910 2164 4976 ministerio

154 4995 328 5061 nisterium
349 5016 482 5076 eorum,
512 5011 547 5065 οῖ
566 5020 725 5085 paceme
766 5020 870 5067 aeos
890 5002 1036 5067 tuemini.
1090 5000 1134 5067 Et
1184 4997 1370 5088 Evangelii,
1392 5001 1575 5087 quodcum
1595 4998 1691 5065 Deus
1712 4994 1879 5082 publicum
1901 5017 1980 5062 esse
1997 4994 2087 5074 velit,
2110 5014 2165 5059 or·
2275 5054 2279 5065 ,

156 5086 201 5159 ad
220 5083 397 5149 liebraeos
417 5081 550 5153 ultimo:
578 5022 936 5155 Obeditardoctorlbas
956 5087 1081 5153 vestris
1100 5098 1135 5154 et
1185 5087 1262 5153 dina
1283 5087 1427 5174 quodam
1448 5086 1745 5197 administrandum
1766 5094 1836 5164 ast,
1859 5093 2013 5151 teneatur
2033 5076 2163 5169 regau
2205 5082 2211 5094 '
