4628 5588
135 80 176 130 tir

132 146 200 217 aaa
498 210 506 227 ,
760 146 874 215 eun.
895 146 1001 216 MEL
1022 102 1212 218 smnus
1232 100 1515 221 eburumes
1608 128 1646 242 J
2098 112 2169 226 eet

131 356 210 406 num
230 347 370 424 propter
400 335 485 403 iram
519 333 585 401 Dei
606 333 662 402 vel
693 347 833 422 propter
861 336 1121 420 confessionem,
1262 339 1441 411 Caeterum
1463 341 1506 407 de
1527 341 1719 409 criminibus
1735 340 1861 430 popnlo
1882 345 1972 412 notis
1995 357 2095 415 antea
2117 348 2168 417 di·
2288 336 2293 347 ⁵

50 493 53 497 ,
125 428 167 497 'at
194 428 346 504 morbos,
377 421 478 502 hassa,
510 423 657 508 inopiam
686 435 720 489 et.
753 422 893 505 similes,
925 448 1011 529 quae
1044 437 1122 492 sunt
1176 439 1265 493 ctum
1300 443 1371 509 est,
1403 425 1591 493 Ecclesiam
1625 450 1701 495 cum
1731 433 1850 517 recipit
1882 429 2020 519 lapsos,
2060 454 2168 518 posse

129 511 217 580 alitus
239 512 428 593 immutat,
451 508 536 579 alias
551 522 713 596 τιμωρίαι,
735 507 820 575 alias
841 536 1004 598 μαρτυρια.
1027 513 1121 580 llaec
1175 512 1317 600 exempli
1348 535 1453 581 causa
1487 512 1621 599 pnbliee
1657 536 1917 584 commemorare
1951 517 2109 585 delictum
2132 531 2167 587 et

128 620 257 688 genera
279 597 360 667 rtiiril
394 599 438 663 ad
470 609 674 682 potestatem
698 594 841 664 clavium
875 603 1053 683 pertinent,
1086 602 1121 666 id
1172 603 1432 686 poenitentiam,
1465 613 1499 666 et
1520 601 1704 688 adiungere
1725 601 1872 693 aliquam
1893 607 1983 692 piam
2005 608 2164 694 obiurga·

128 700 194 768 est,
215 697 366 774 potestas
390 682 534 750 clavium
556 704 621 750 nec
643 685 795 770 imponit,
815 704 881 750 nac
903 688 1048 751 remittit.
1173 689 1295 753 tionem
1318 700 1351 753 et
1368 685 1635 754 adhortationem
1660 702 1726 755 ete.

1259 857 1422 924 Obiieitnr
1444 870 1477 925 et
1495 855 1589 924 Pauli
1612 861 1753 926 dictnmr
1786 860 1824 928 si
1846 882 1920 927 nos·
1933 862 2161 932 indicaremus
2233 878 2236 889 ·

1207 946 1249 1025 si,
1272 967 1340 1012 non
1362 946 1595 1012 iudicaremur.
1655 946 1746 1034 Ergo
1779 948 1809 1012 si
1834 946 1991 1015 Ecclesia
2009 951 2154 1035 puniret,

1207 1052 1267 1096 eus
1301 1043 1455 1117 parceret
1476 1031 1593 1114 nobis,
1626 1043 1661 1099 et
1682 1035 1851 1122 mitigaret
1873 1033 2081 1103 calamitates
2098 1060 2160 1125 pu·

1172 1116 1280 1184 blicas
1302 1130 1337 1185 at
1357 1118 1518 1205 privatas.

157 917 161 925 ¹
217 891 291 957 Etsi
325 902 437 957 antem
469 890 624 957 vitandae
657 889 871 957 obscuritatis
905 911 1011 958 causa
1037 890 1118 958 nolo
1172 946 1181 966 .

132 979 276 1046 recitare
309 997 425 1043 omnes
457 977 666 1063 labyrinthos
689 976 787 1042 huius
809 978 978 1058 materiae,
1009 989 1118 1044 tanuen
1170 967 1205 1096 ’ὅ

36 1060 46 1077 “
132 1067 294 1154 quaedam
328 1076 525 1151 argumenta
557 1064 723 1141 refutabo,
757 1085 843 1149 quae
870 1086 960 1131 nunc
982 1067 1118 1152 excogi-

132 1163 203 1218 tant
224 1149 326 1240 aliqui
338 1163 459 1232 astutc,
477 1162 513 1217 nt
533 1170 668 1216 errores
689 1163 866 1236 praetextu
886 1150 998 1238 aliquo
1006 1152 1118 1238 „stabi-

131 1235 224 1305 0000·
1257 1289 1456 1375 Speciosnm
1476 1299 1706 1376 argumentum
1728 1301 1792 1369 est,
1815 1293 1876 1357 sed
1894 1295 2076 1377 prudenter
2092 1295 2161 1360 dis·

1170 1377 1339 1442 cernenda
1372 1386 1425 1443 est
1452 1395 1534 1443 vera
1553 1376 1730 1462 castigatio
1753 1378 1797 1443 ab
1820 1377 1842 1443 b
1868 1381 2004 1462 poerisi.
2037 1379 2160 1448 Totum

218 1410 365 1477 Primum
398 1419 452 1474 est
483 1407 573 1475 boc:
611 1405 766 1474 Ecclesia
798 1409 853 1496 pie
884 1406 966 1476 iacit
996 1410 1118 1475 iubens
1779 1466 1787 1484 ‚
1844 1399 1866 1528 p
1991 1490 2000 1505 ·
2062 1468 2070 1485 ·

81 1504 85 1511 .
134 1502 296 1650 Tuom
318 1496 554 1583 mitigationem
574 1516 770 1581 poenarum,
792 1508 825 1561 ,t
847 1497 983 1598 mdum
1004 1509 1117 1562 osten,
1169 1483 1208 1567 ‚⁸¹
1257 1473 1402 1529 mentum
1423 1483 1540 1529 verum
1563 1474 1614 1528 est
1637 1465 1755 1530 dextre
1777 1475 1844 1529 inte
1860 1462 1999 1532 lectum.
2034 1465 2070 1532 Sr
2092 1489 2160 1536 nos

158 1604 199 1650 en

201 1604 219 1648 s
1168 1571 1202 1614 ru
1228 1550 1403 1628 icaremus,
1425 1550 1541 1629 idest,
1565 1551 1808 1637 castigaremus
1830 1554 2161 1621 seuemendaremus

220 1630 229 1649 ⁸
1137 1655 1252 1719 ,vera
1273 1635 1509 1714 conversione,
1541 1636 1663 1715 idest,
1695 1637 1828 1703 sivero
1851 1635 2158 1707 doloracruciare-

1168 1743 1254 1801 mur,
1276 1724 1365 1808 quod
1389 1721 1500 1787 Deum
1523 1720 1733 1802 offendimus,
1757 1722 1847 1808 quod
1870 1727 1997 1790 nostris
2015 1727 2160 1793 seanda-

1168 1804 1212 1871 lis
1244 1808 1449 1873 birbavimus
1479 1806 1636 1893 Spiritum
1669 1826 1834 1889 sanetum,
1867 1811 1957 1897 quod
1991 1812 2089 1883 nobis
2124 1825 2160 1880 et

1168 1890 1346 1960 Ecclesiae
1364 1890 1606 1959 cumulavimus
1624 1895 1787 1961 miserias.
1853 1895 1890 1961 ln
1922 1897 1982 1963 tali
2016 1918 2158 1965 conver·

1169 1980 1278 2059 sione,
1300 1979 1398 2060 fides,
1421 2000 1512 2066 spes,
1536 1980 1703 2047 invocatio
1721 1992 1755 2047 et
1772 2003 1862 2048 nova
1884 1984 2076 2057 ohedientia
2098 2005 2157 2052 ve-

1169 2085 1208 2131 re
1239 2067 1455 2153 impetrarent
1486 2067 1725 2154 mitigationem
1742 2087 1951 2154 poenarum,
1984 2081 2021 2136 nt
2051 2091 2158 2158 supra

1170 2152 1375 2234 dictumest,
1398 2164 1432 2218 et
1453 2151 1545 2219 lohel
1568 2155 1689 2239 inquitc
1711 2151 1950 2222 Convertimini
1971 2157 2015 2221 ad
2037 2155 2155 2237 Domi·

135 2290 138 2295 ·
177 2232 180 2237 ³
218 2270 422 2357 Respondeo
443 2273 486 2337 ad
508 2271 677 2338 maiorem.
743 2269 903 2336 Ecclesia
923 2284 1017 2337 recte
1038 2267 1120 2338 iacit
1170 2258 1250 2303 ”⁰¹¹¹
1282 2237 1392 2306 ⁰⁰¹¹¹¹¹
1425 2250 1586 2320 'mmm’
1619 2240 1699 2327 (μὴ
1731 2241 1841 2351 b⁰R⁸⁸
1871 2252 1936 2322 ω’
1968 2253 2003 2308 ‘³‘
2024 2244 2160 2310 ‘milti‘

132 2358 251 2426 iubens
274 2377 438 2444 quaerere
459 2358 698 2443 mitigationem
720 2378 915 2443 poenarum,
937 2370 971 2423 et
986 2358 1120 2423 modum
1170 2345 1312 2410 P⁰⁰¹¹³⁸·

135 2446 316 2510 ostendens
349 2442 480 2510 scilicet
512 2443 667 2510 traditum
689 2443 722 2509 in
746 2440 941 2528 Evangelio,
973 2464 1042 2509 non
1064 2466 1120 2511 ex·

136 2533 290 2618 cogitans
313 2550 421 2596 novos
445 2528 567 2596 cultus.
611 2529 832 2595 Verissimum
854 2541 908 2594 est
928 2544 1040 2597 autem
1062 2534 1120 2597 mi·

219 1751 447 1820 certissimum
468 1765 521 1820 est
543 1765 655 1820 autem
674 1755 914 1841 propterbona
935 1774 1038 1842 opera
1059 1755 1118 1821 mi·

132 1843 232 1932 tigeri
253 1862 382 1926 poenas
403 1838 619 1927 temporales.
845 1864 874 1945 ι
946 1933 953 1944 ⁸

140 2034 145 2043 ·
219 2004 326 2102 igitur
347 2009 502 2080 Ecclesia
522 2025 617 2081 recte
637 2009 731 2094 lacit,
753 2013 877 2081 iubens
887 2008 1002 2079 iacere
1023 2023 1118 2080 certa

133 2120 250 2187 opera.
343 2145 354 2155 ·
431 2128 435 2134 ·

1259 2493 1344 2561 Cum
1373 2495 1474 2584 igitur
1495 2492 1620 2563 Paulus
1642 2497 1761 2584 inquitr
1789 2496 1826 2564 Si
1847 2517 1911 2564 nos
1932 2499 2159 2569 indicaremus

132 2617 233 2704 tigeri
265 2637 395 2700 poenas
428 2627 501 2683 tota
533 2616 756 2682 conversam,
783 2626 816 2681 et
839 2617 937 2682 bonps
960 2619 1120 2703 operpbus
1172 2591 1236 2651 etc.
1271 2602 1385 2648 veram
1418 2583 1655 2690 poenitentiam
1687 2584 1879 2703 sepipsam
1902 2588 2161 2694 conversionem

1171 2668 1217 2745 atl
1238 2667 1347 2735 Deum
1369 2667 1537 2756 intelligit,
1560 2691 1604 2734 na
1625 2671 1668 2737 de
1689 2667 1764 2751 ahts
1786 2672 1945 2756 operibus
1969 2693 2035 2739 non
2064 2674 2160 2741 debr·

133 2724 156 2769 a
176 2701 254 2769 Deo
276 2704 453 2769 mandatis.
488 2702 618 2769 Clamat
639 2700 795 2769 Ecclesia
817 2703 906 2768 sicut
927 2702 1030 2769 Filius
1042 2704 1119 2786 Dei,
1172 2755 1216 2820 tis
1245 2753 1412 2842 loquitur,
1444 2758 1488 2823 de
1533 2756 1632 2823 uibus
1653 2757 1814 2843 scfiptum
1836 2771 1905 2824 es„
1939 2758 2079 2845 frustm
2101 2781 2160 2826 ω,

133 2801 166 2856 θῖ
188 2790 276 2856 sicut
309 2811 376 2856 vox
408 2790 552 2877 Spiritus
573 2791 682 2855 saneti
703 2809 837 2874 semper
859 2788 995 2856 clamat:
1018 2790 1120 2876 Agite
1170 2837 1243 2908 lum
1265 2863 1317 2908 me
1340 2842 1507 2909 mandans
1552 2842 1714 2923 ominum,
1747 2855 1780 2909 e,
1809 2843 1883 2908 spu,
1912 2866 1994 2910 vm
2015 2867 2160 2923 coum,

132 2878 381 2963 poenitentiam.
456 2880 536 2943 item
586 2877 653 2942 nisi
690 2877 927 2964 poenitentium
970 2878 1119 2965 egeritis,
1191 2931 1199 2947 .
1850 2930 1857 2947 ,

133 2982 251 3030 omnes
273 2961 424 3030 simfliter
444 2964 606 3048 peribitis·
1171 2948 1266 2993 stone
1288 2927 1383 2994 nulla
1406 2950 1510 3013 opera
1531 2926 1607 2994 Deo
1630 2928 1781 3014 placent,
1803 2951 1880 3016 quia
1902 2929 1998 2997 Deus
2020 2945 2161 3019 requirit

1171 3016 1394 3081 obedientiam
1412 3016 1537 3094 cordis,
1561 3015 1595 3079 id
1618 3027 1682 3093 est,
1703 3036 1820 3081 verum
1842 3018 2013 3097 timorem,
2043 3040 2161 3085 veram

1170 3099 1290 3181 fidem,
1324 3121 1420 3186 spem
1453 3101 1725 3186 acquiescentem
1757 3103 1790 3166 in
1826 3105 2051 3188 promissione
2078 3103 2158 3185 Dei,

200 3169 301 3235 tecm
334 3168 365 3232 00
396 3178 538 3252 0000000
569 3179 685 3234 000000
717 3165 841 3233 000000
871 3180 909 3234 ui
931 3169 1117 3249 ⁰⁰⁰⁰l¹¹1¹ms
1170 3206 1283 3252 veram
1305 3187 1562 3267 invocationem,
1584 3186 1675 3269 iusta
1696 3183 1754 3261 illa
1776 3187 1881 3273 dictat
1899 3187 1981 3254 Veri
2002 3191 2159 3256 adorato·

127 3255 228 3339 pritis
261 3256 393 3322 candidi
423 3255 511 3321 sicut
542 3255 612 3320 nix.
680 3253 719 3320 Si
748 3255 840 3320 eritis
863 3255 896 3319 in
919 3257 1118 3321 tristissimis
1169 3293 1227 3340 ωε
1248 3274 1438 3339 adorabunt
1460 3274 1593 3340 pwem
1614 3275 1648 3340 qn
1670 3268 1795 3360 spirim
1818 3288 1852 3341 et
1868 3277 2023 3342 perime,

133 3342 265 3427 poenis,
298 3354 332 3407 et
364 3338 455 3407 velut
486 3339 672 3407 homicidae
700 3343 734 3406 in
757 3339 919 3426 supplicio
942 3344 1119 3427 conspersi

133 3449 270 3495 ⁰f¹¹⁰l⁰²
301 3443 415 3494 000000
447 3427 542 3496 9⁰⁰⁸
562 3428 742 3531 ,00008000
780 3449 927 3515 100000οε
965 3429 1119 3516 00000800
1255 3444 1354 3524 ltem,
1387 3444 1589 3512 sacrificium
1620 3445 1696 3512 Deo
1725 3445 1862 3531 spiritus
1896 3444 2158 3530 contribulatus,

132 3535 298 3582 00000000·
1169 3552 1231 3597 θοι·
1264 3532 1440 3598 contritum
1474 3544 1508 3598 et
1538 3531 1744 3599 humiliatum
1766 3530 1862 3598 Deus
1884 3554 1953 3597 nou
1976 3533 2157 3618 despicies.

246 3660 249 3665 -
543 3687 551 3701 ‚
762 3644 783 3683 a
950 3685 953 3690 ,
1168 3617 1241 3684 Νθθ
1263 3616 1340 3703 plus
1368 3617 1480 3685 valent
1503 3639 1618 3686 corum
1640 3619 1716 3685 Deo
1737 3619 1858 3684 ieiunia
1883 3639 1950 3685 non
1973 3640 2160 3687 converso·

134 3746 139 3753 -
219 3690 310 3768 ltem,
349 3684 587 3754 0⁰1¹V⁰filmffil
618 3687 662 3752 00
694 3707 760 3768 ¹¹¹⁰,
793 3697 829 3753 et
851 3706 916 3778 ,080
939 3696 1119 3755 0000000οΓ
1169 3727 1254 3785 rum,
1287 3717 1346 3771 ant
1368 3703 1454 3772 aliae
1476 3725 1624 3791 poenae,
1658 3726 1757 3791 quam
1778 3702 1957 3771 valuerunt
1979 3703 2159 3772 laceratio·

133 3774 177 3841 ad
199 3793 274 3839 vos.
1169 3812 1233 3856 nes
1256 3810 1297 3857 co
1340 3812 1446 3873 orum,
1468 3813 1554 3879 quas
1575 3789 1743 3858 faciebant
1764 3793 1963 3858 sacerdotes
1986 3792 2090 3871 Bacl,
2123 3805 2161 3860 et

156 3877 166 3889 ’
219 3890 224 3899 ·
1170 3875 1289 3965 quales
1347 3878 1421 3944 odie
1454 3879 1608 3944 dicuntur
1639 3875 1752 3944 iacere
1784 3876 1917 3946 'l‘urciei
1945 3881 2158 3962 sacerdotes,

220 3920 315 4026 llaec
335 3930 504 4029 inchoatio
524 3984 633 4031 novae
656 3962 874 4042 obedientiae,
896 3975 1043 4029 meretnr
1060 3962 1119 4028 mi·
1170 3966 1226 4050 qui
1259 3964 1342 4029 ritus
1366 3987 1482 4035 omues
1503 3966 1546 4031 ad
1569 3963 1658 4029 bunc
1679 3961 1831 4048 regulam
1856 3956 2040 4052 pertinente
2072 3964 2159 4033 Fru-

135 4049 328 4201 tigationem
349 4070 532 4135 poenarum
555 4047 800 4137 temporalium,
835 4061 869 4114 et
901 4051 944 4116 de
965 4049 1018 4114 his
1040 4069 1119 4134 ope·
1171 4061 1242 4117 stra
1262 4049 1378 4148 colunt
1398 4074 1451 4118 me
1473 4052 1639 4116 mandatis
1661 4051 1841 4117 hominum.

135 4137 163 4201 ri
189 4155 229 4199 us
246 4155 268 4199 a
288 4133 363 4200 Deo
386 4138 550 4201 mandatis
573 4134 779 4222 intelligatur
800 4136 920 4215 nrinor,
944 4134 1119 4203 nnuaffin·
1152 4217 1155 4220 ἦ

203 4233 257 4287 tur
288 4220 356 4288 alia
389 4243 491 4306 opera
513 4245 576 4289 seu
598 4221 708 4291 cultus
731 4243 798 4287 non
821 4223 967 4289 mundati
988 4245 1010 4289 a
1031 4222 1119 4287 Deo.
1256 4220 1351 4288 Eaec
1373 4222 1416 4288 de
1447 4219 1732 4288 satisiactionibns
1754 4221 1822 4287 boc
1848 4220 1927 4289 loeo
1950 4223 2078 4290 dixisse
2101 4244 2158 4290 sa·

133 4243 248 4383 &llere
269 4308 299 4372 si
321 4310 355 4373 in
378 4308 599 4376 conclusione
621 4312 782 4388 addatur,
816 4307 1005 4376 Ecclesiam
1028 4320 1121 4374 recte
1169 4307 1214 4374 tis
1247 4311 1309 4375 sit:
1342 4309 1427 4374 Nam
1451 4320 1484 4374 et
1505 4306 1584 4374 alibi
1606 4311 1723 4373 eadem
1747 4311 1900 4374 doctriua
1929 4331 2031 4396 saepe
2052 4331 2159 4397 expo·

103 4416 106 4421 ·
133 4394 248 4461 faeere
280 4396 480 4460 indicentem
511 4395 577 4462 alia
610 4399 775 4483 quaedam
808 4416 910 4480 opera
939 4416 1007 4461 nou
1028 4417 1120 4460 man·
1170 4396 1235 4460 sita
1267 4408 1332 4474 est,
1360 4396 1422 4459 sed
1444 4415 1586 4460 necesse
1609 4409 1660 4460 est
1683 4406 1783 4459 totam
1803 4398 1987 4462 doctrinam
2011 4398 2053 4462 de
2076 4417 2159 4482 poe·

126 4480 213 4549 alata
246 4500 268 4544 a
299 4480 392 4546 Deo:
428 4483 568 4547 insidiae
590 4496 668 4549 sunt
690 4485 724 4548 in
748 4483 986 4561 conclusione,
1009 4492 1042 4546 et
1063 4502 1120 4546 ne·
1169 4482 1321 4561 nitentia,
1342 4501 1444 4566 saepe
1468 4484 1501 4546 in
1512 4479 1668 4547 Ecclesia
1690 4485 1806 4565 repeti,
1829 4495 1865 4548 ut
1887 4486 2040 4548 omnibns
2051 4485 2159 4548 notis·
2223 4542 2230 4552 .

131 4567 248 4653 ganda
280 4577 333 4632 est
367 4573 626 4655 consequentia,
655 4571 734 4656 quia
754 4565 830 4651 plus
853 4571 959 4634 estin
984 4565 1119 4632 conclu·
1170 4568 1255 4633 sima
1272 4569 1326 4651 sit,
1350 4579 1382 4633 et
1404 4589 1538 4652 semper
1555 4569 1599 4632 sit
1621 4570 1654 4632 in
1678 4580 1875 4654 conspectu,
1909 4571 1986 4657 quia
2007 4570 2042 4635 in
2065 4572 2159 4636 omni

127 4653 244 4735 ssione,
277 4674 375 4738 quam
409 4657 442 4719 in
475 4656 682 4740 praemissis.
747 4653 904 4739 Ecclesia
926 4666 1018 4720 reete
1039 4651 1120 4719 facit
1169 4655 1379 4721 invocatione
1400 4656 1548 4741 quotidie
1567 4655 1746 4742 cogitanda
1769 4667 1831 4721 est.
1898 4657 2039 4741 Semper
2068 4656 2158 4724 enim

123 4740 458 4824 rpraecipienstotam
471 4745 737 4821 conversionem,
756 4752 788 4806 et
801 4742 891 4806 bona
913 4762 1016 4826 opera
1028 4762 1118 4805 man·
1171 4742 1336 4828 obstrepit
1357 4742 1529 4807 invocanti
1547 4741 1631 4807 haec
1653 4743 1759 4807 tristis
1781 4742 1915 4808 concio:
1949 4743 2157 4837 Peccatores

133 4827 215 4893 data
247 4846 269 4890 a
300 4823 390 4906 Deo,
424 4829 512 4893 sicut
533 4831 690 4895 mandata
711 4839 802 4907 sunt,
834 4849 901 4894 non
925 4839 1017 4894 recte
1039 4825 1119 4893 facit
1168 4826 1265 4894 Deus
1287 4849 1356 4894 non
1377 4830 1521 4894 exaudit.

84 4979 94 4991 ,
135 4912 270 4998 lingens
292 4912 445 4979 homines
463 4914 541 5001 lage
563 4916 670 4982 iustos
692 4934 782 4993 esse,
805 4925 838 4978 et
855 4912 920 4979 alia
938 4936 1027 4982 nova
1039 4935 1118 5001 ope-

134 5018 174 5063 ra
194 4998 350 5064 facienda
383 5021 461 5067 esse
494 5015 652 5089 tanquam
680 5003 1000 5090 supererogationis,
1015 5023 1119 5089 quac
1203 4990 1215 5019 ⁸
1257 4998 1364 5066 Huius
1408 4998 1605 5066 obiectionis
1638 4998 1795 5073 refutatio
1827 5001 1991 5067 sumenda
2023 5011 2077 5067 est
2110 5022 2156 5069 ex

134 5085 362 5183 sint'pretinm
382 5087 427 5154 ad
449 5089 717 5175 compensandus
738 5108 878 5176 poenas.
1170 5087 1323 5154 doctrina
1356 5088 1399 5155 de
1430 5086 1646 5174 poenitentia,
1679 5084 1837 5155 videlieet
1856 5108 1926 5154 non
1946 5088 2055 5155 audiri
2075 5109 2156 5176 pao·
