4628 5588
133 162 206 235 aar
456 166 464 185 ·’
545 208 554 227 r
773 155 1339 233 v.uxaucar1osvuaotr
1362 158 1524 235 nteanr.
1676 150 1681 163 ·
1791 122 1796 131 “
2030 162 2158 251 „am

137 372 258 429 ornnes
289 349 380 419 lilios
411 351 611 429 bominum„
624 359 658 415 et
681 346 846 437 ¹iutelligit
877 348 989 417 omnia
1019 368 1125 435 opere
1175 351 1306 436 spicere
1332 361 1445 433 potest
1477 347 1650 415 consilium
1673 348 1751 429 Dei,
1785 371 1888 436 quare
1920 364 1955 417 et
1986 356 2155 440 quomodo

138 462 286 513 comm„
310 438 384 511 Etsi
404 448 518 511 autern
546 434 719 523 praevidet
751 437 879 516 omnia,
911 458 981 503 non
1015 448 1123 502 tamen
1174 458 1231 505 res
1253 438 1304 503 sic
1327 438 1523 508 condiderit,
1541 437 1752 503 tanreninitia
1774 438 1872 504 huius
1894 441 2078 523 sapientiae
2101 464 2158 507 co·

134 525 223 609 nult,
244 546 308 593 nec
331 523 447 605 efficit,
468 524 689 605 uecadiuvat,
710 524 949 610 necapprobet
971 537 1124 607 peccata,
1199 525 1311 591 itauda
1332 535 1421 602 sunt,
1451 525 1540 589 sicut
1571 522 1727 608 patefecit
1758 544 1800 589 ce
1832 525 1945 605 Deus,
1977 549 2021 593 ac
2052 550 2158 613 supra

137 615 202 685 sed
223 611 345 685 tolerat
359 612 475 681 donec
496 613 601 695 punit,
623 631 687 679 nec
707 612 875 695 praevisio
898 612 991 695 cogit
1005 608 1123 677 volun·
1174 546 1241 675 lun
1264 632 1399 678 cansam
1422 608 1554 677 finalem
1576 630 1654 675 esse
1686 613 1866 677 creationis
1898 610 2094 699 angelomm
2123 624 2178 681 ct·

137 713 228 767 tates
263 711 511 776 creaturarum,
541 709 578 764 ut
606 695 730 765 sacam
751 708 906 781 peccata,
935 694 1040 761 multo
1064 697 1123 761 mi-
1173 696 1353 777 homiuum,
1374 699 1453 782 quia
1484 694 1580 763 Deus
1612 696 1684 761 vult
1716 698 1841 765 babere
1873 715 2071 781 creaturam,
2105 702 2159 769 cul

135 808 202 855 nus
235 787 325 853 dicta
357 785 400 851 de
443 785 699 850 conservatione
741 796 882 851 naturae
926 782 1123 849 continuant
1175 786 1395 851 communicet
1417 804 1480 851 sua
1501 804 1630 849 summa
1653 786 1742 850 bona
1769 797 1803 850 et
1826 806 1864 851 se
1894 788 2014 871 ipsum,
2044 790 2156 869 vitam,

138 874 274 943 stoicas
296 872 561 959 imaginationes,
589 869 686 937 Deus
714 867 785 935 vult
806 868 874 935 boc
895 871 1019 936 bouum
1042 890 1123 935 con·
1173 867 1295 950 lucere,
1316 872 1523 957 sapientiam,
1543 871 1699 937 iustitiam
1721 882 1754 937 et
1775 870 1933 939 laetitiam
1956 886 2135 942 aeternam.

138 961 365 1029 servationem
394 971 545 1037 naturae,
578 968 616 1023 ut
641 958 777 1033 dicium,
809 958 843 1023 io
869 957 944 1042 ipso
967 958 1122 1036 vivimus,
2194 1028 2197 1035 ,

62 1054 65 1059 ’
138 1064 312 1117 movemur
334 1058 367 1111 et
389 1064 506 1111 emitas
527 1055 592 1111 etc.
1040 1086 1043 1091 -
1259 1042 1320 1107 Est
1353 1045 1453 1130 igitur
1486 1062 1591 1110 causa
1623 1040 1800 1128 impulsiva
1831 1047 1864 1111 in
1894 1042 2065 1113 voluntate
2092 1046 2158 1113 Dei

1172 1126 1340 1197 liberrima
1372 1132 1478 1215 ipsius
1512 1132 1655 1195 bonitas.
1711 1130 1869 1197 Vicissim
1882 1124 2017 1197 'autem
2059 1135 2156 1218 sequi

223 1215 350 1287 Pselm·
368 1216 422 1285 35.
465 1215 626 1287 Homines
647 1227 681 1283 et
702 1216 858 1292 lumenta,
880 1216 1034 1281 servabis
1052 1213 1123 1279 Do·
1174 1218 1274 1282 debet
1302 1218 1336 1281 in
1365 1214 1496 1304 angelis
1520 1230 1554 1281 et
1580 1215 1768 1283 hominibus
1796 1215 1977 1293 celebratio
2010 1220 2086 1303 Dei,
2118 1230 2157 1287 ut

136 1305 241 1373 minet
268 1305 344 1371 Nec
376 1304 454 1371 inde
485 1303 636 1388 sequitur=
656 1300 765 1369 Deum
798 1299 886 1369 velle
917 1314 976 1369 aut
1008 1298 1122 1367 facere
1171 1301 1336 1369 Dominus
1359 1306 1479 1391 inquit:
1506 1303 1636 1369 Luceat
1652 1300 1710 1369 lux
1736 1316 1862 1384 vestra,
1893 1316 1930 1371 ut
1950 1303 2157 1392 glorificetur

137 1401 277 1477 peccata
299 1394 333 1456 in
354 1390 499 1470 homine,
531 1411 618 1455 unus
652 1411 694 1455 ex
716 1391 911 1474 passeribus
934 1409 1001 1455 non
1025 1391 1123 1453 cadet
1172 1388 1274 1456 Pater
1296 1403 1408 1457 vester
1430 1388 1599 1456 coelestis.

137 1490 380 1564 superterram
403 1477 476 1541 sine
497 1488 593 1562 patre
613 1488 749 1555 vestro,
770 1473 902 1543 scilicet
928 1476 1055 1541 sciente
1089 1484 1123 1539 et

137 1565 359 1653 permittente.
405 1561 491 1636 Quia
519 1573 694 1650 utrumque
725 1583 843 1628 verum
876 1576 938 1645 est,
967 1563 1057 1647 quod
1089 1571 1123 1625 et

136 1650 310 1737 praevidet
328 1650 437 1715 omnia
459 1646 567 1726 Deus,
595 1661 629 1713 et
650 1659 788 1715 naturas
810 1661 924 1716 servat
953 1646 1122 1714 liberrima

137 1734 311 1801 voluntate
344 1737 453 1802 donec
485 1733 558 1799 vult
591 1747 655 1800 etc.
709 1734 786 1800 Non
825 1737 926 1823 igitur
958 1736 1123 1799 intereunt

136 1823 200 1888 nisi
222 1824 297 1906 ipso
316 1824 493 1888 deserente
515 1838 586 1885 eas.
628 1820 761 1887 Deinde
782 1821 919 1888 l'allacia
941 1832 1031 1887 estu
1054 1841 1122 1885 non

1259 1510 1377 1585 Qualis
1399 1523 1509 1577 autem
1533 1512 1687 1578 conditus
1698 1511 1754 1590 sit,
1772 1512 1895 1578 docent
1915 1517 2033 1580 verba:
2055 1511 2157 1581 facia-

1172 1618 1246 1663 mus
1278 1599 1444 1664 hominem
1476 1599 1519 1663 ad
1553 1599 1729 1684 imaginem
1762 1611 1796 1666 et
1831 1596 2075 1667 similitudinem
2096 1621 2157 1667 no·

1170 1767 1341 1839 litudinem
1363 1769 1430 1836 Dei
1452 1784 1603 1837 naturam
1624 1769 1813 1850 humanam,
1848 1792 1948 1857 quam
1971 1768 2080 1838 fuerat
2101 1794 2157 1839 os·

139 1929 242 1973 causa
264 1919 300 1973 u,
323 1929 438 1986 causa,
459 1908 650 1991 praevidet,
682 1928 765 1992 ergo
800 1906 903 1973 efficit
935 1920 1121 1996 peecatum·
1172 1871 1342 1924 sumturus
1364 1856 1482 1935 Filius,
1501 1859 1533 1923 id
1556 1858 1685 1922 etiamsi
1704 1858 1873 1943 recipitur,
1908 1871 2018 1925 tamen
2041 1860 2074 1923 in
2097 1856 2156 1925 illa

134 1993 221 2067 lm„
242 2007 356 2061 serv„
384 2007 535 2061 mmmm
580 2015 617 2061 er
696 1993 799 2061 efficit
874 2008 971 2063 mm
1027 1992 1122 2059 Haec
1146 2032 1149 2033 f
1172 1954 1292 2011 natura
1312 1955 1445 2031 oportet
1466 1940 1696 2046 intelligitrron
1719 1956 1845 2009 tantum
1867 1964 2005 2028 eorpus,
2026 1946 2089 2011 sed
2110 1946 2155 2013 si-

139 2098 209 2149 no„
229 2066 323 2151 ηοω
343 2040 576 2149 contexunt&
618 2014 675 2145 ἢ
806 2016 872 2080 ΨΩ
973 2043 982 2061 ·
1091 2081 1099 2099 .
1172 2027 1241 2095 mul
1262 2028 1457 2115 principalia
1478 2033 1511 2094 in
1533 2029 1677 2108 homme,
1700 2030 1829 2096 seilicet
1850 2043 2005 2113 mentem,
2031 2033 2066 2097 in
2089 2052 2156 2118 qua

312 2169 320 2185 .
676 2083 731 2147 vm
754 2093 926 2161 nmium
954 2102 1022 2147 '¹⁰¹¹
1044 2101 1122 2167 ‘¹⁰¹⁰
1172 2113 1275 2181 voluit
1307 2115 1403 2181 Deus
1434 2114 1549 2182 lucere
1581 2136 1682 2181 veras
1716 2117 1849 2181 notitias
1882 2119 1925 2181 de
1954 2138 1994 2183 se
2025 2120 2100 2204 ipso
2123 2128 2156 2184 et

138 2165 234 2233 ”⁰¹¹⁸
255 2166 336 2233 vem
355 2180 543 2252 pematum’
565 2167 627 2232 Μ
649 2178 684 2235 ut
704 2179 822 2253 P⁰⁵t⁰⁰
839 2170 954 2235 redeat
974 2170 1019 2235 ”d
1041 2188 1121 2251 ΡΜ·
1172 2204 1214 2267 de
1235 2224 1297 2268 sua
1319 2201 1426 2291 Lege,
1446 2200 1652 2268 voluntatem
1686 2213 1831 2282 rectam,
1864 2200 2054 2269 libertatem
2087 2204 2155 2270 cle·

138 2254 321 2358 ”llessllffma
341 2251 444 2321 m¹¹¹l⁰
467 2255 576 2321 ml¹¹¹¹⁸
591 2256 831 2364 Pf⁰¹¹ll⁸⁸l⁰neff
848 2256 891 2320 ‘¹⁰
912 2256 1121 2360 Pb⁰oe⁰tl⁰¹¹⁰
1172 2291 1306 2370 ctionis,
1328 2301 1361 2354 et
1382 2289 1534 2355 llammm
1553 2288 1719 2355 virtutum.
1742 2290 1855 2355 Simus
1875 2292 1978 2377 igitur
2007 2290 2161 2357 contenti
2172 2286 2177 2294 “

134 2337 312 2409 Ecclesiae
334 2341 581 2426 detorquendus
603 2351 682 2409 sunt
702 2344 748 2408 ad
757 2341 872 2409 Stoica
892 2337 1119 2421 deluamenta,
1170 2378 1295 2441 usim„
1316 2378 1539 2455 emmone,
1561 2396 1647 2461 quae
1664 2396 1707 2441 gx
1729 2374 1835 2441 paup,
1857 2387 1967 2443 sumt,
1989 2387 2054 2457 est,
2074 2378 2155 2443 tm.

130 2424 265 2493 ¹(Jrnnes
286 2422 399 2511 capllli
425 2428 543 2512 capitis
573 2429 676 2493 vestri
701 2428 878 2495 numerati.
893 2440 981 2497 sunt.
1025 2428 1119 2506 ltem,
1168 2480 1171 2485 .

130 2512 243 2585 Nemo
275 2514 382 2599 „ppt
415 2534 500 2580 oves
528 2534 625 2581 ‚ms
646 2513 864 2581 dommim
887 2516 982 2583 mei&
1025 2512 1121 2581 Talia
1171 2474 1274 2549 goat
1294 2460 1551 2533 similitudoDei
1572 2465 1603 2527 in
1625 2461 1860 2528 hominesunt
1881 2482 1976 2527 mens
2000 2476 2033 2529 et
2054 2484 2156 2530 verae

129 2601 225 2671 Μ,
263 2600 457 2684 mmmm,
495 2601 670 2680 beneficia,
726 2614 761 2667 et
788 2611 915 2669 mmm
937 2602 981 2667 do
1021 2601 1120 2669 bonis
1169 2550 1315 2615 noticiae
1337 2561 1370 2615 et
1392 2546 1548 2615 voluntas
1566 2562 1659 2613 recta
1676 2549 1816 2613 incensa
1833 2549 2155 2630 dammisvirtutum,

130 2682 326 2765 “stow
336 2684 446 2757 Demo
494 2699 594 2755 unm
711 2668 781 2753 D'
823 2685 848 2753 li
928 2687 936 2705 .
1169 2633 1347 2702 dilectione.
1358 2634 1553 2701 Deietaliis
1567 2636 1755 2715 virtutibus,
1772 2645 1806 2699 et
1818 2634 1956 2701 libertas
1968 2634 2154 2702 electionis.
2212 2640 2216 2647 '

593 2707 703 2775 ’lm
746 2700 807 2753 Μ
849 2687 1120 2755 ΜΠΜΜῙῊ·
1169 2720 1397 2828 Sicutl'aulus
1407 2720 1555 2807 loquitur
1566 2722 1608 2786 ad
1617 2719 1751 2787 Coloss.
1763 2720 1792 2787 3.
1817 2719 1945 2787 lnduite
1962 2743 2083 2789 novum
2094 2722 2154 2789 ltc-

134 2785 205 2845 ΜΘ
227 2770 330 2841 ⁰ffi⁰li
349 2784 384 2841 θῑ
479 2774 557 2852 Ἦθῑν
589 2787 627 2841 ut
658 2775 815 2841 “tendat
848 2774 889 2841 ‘¹⁰
922 2793 1001 2839 ⁸⁰⁸⁰
1027 2780 1120 2841 Μ’
1166 2810 1301 2886 minem,
1326 2829 1381 2959 pur
1400 2819 1584 2873 renovatur
1600 2808 1644 2873 ad
1655 2808 1831 2895 imaginem
1843 2808 1927 2888 elus,
1939 2810 1994 2895 qul
2007 2810 2155 2875 condidit

133 2862 258 2941 '⁰⁰³⁰’
279 2870 344 2929 ¹¹⁶⁰
365 2881 406 2927 ⁰⁸
424 2856 617 2965 Wlfflhfi
639 2862 822 2928 mmm
843 2872 896 2926 ‘s‘
917 2860 1118 2967 ¹¹¹!lv⁰f⁸¹¹.¹i⁸
1169 2907 1320 2961 eumctc.
1361 2892 1494 2979 phesd.
1510 2892 2155 2983 lnduitenovumhominam,qulsecun·
2235 2901 2238 2908 '

157 2950 331 3035 repositio,
361 2947 481 3013 Omma
507 2948 598 3013 bona
626 2958 659 3013 ct
680 2944 770 3013 mala
789 2964 983 3013 necessario
1005 2946 1077 3013 lien
1097 2969 1119 3014 a
1168 2980 1307 3049 dumne

169 3052 243 3103 ω’,
265 3034 418 3115 Bwimi
444 3028 561 3101 ‚fomes
578 3028 767 3099 -docmm
795 3026 843 3099 --de
869 3032 1117 3122 contingentia,
1307 2981 2153 3049 umcondltusestlnlustitiaetsanctitateveritatis.

80 3163 84 3171 -
134 3112 223 3208 quor
242 3123 460 3193 considerare
479 3116 567 3189 utile.
580 3131 646 3200 est,
676 3131 714 3187 ut
736 3120 969 3187 discernantur
990 3123 1118 3208 gradus
1256 3116 1515 3187 Consideremus
1536 3119 1639 3206 igitur
1661 3120 1749 3185 bona
1777 3118 1935 3185 attributa
1963 3117 2153 3189 bominibus

131 3210 317 3289 undenum,
346 3220 399 3275 et·
416 3227 559 3286 musae,
596 3218 629 3274 et
657 3208 913 3273 considerentur
945 3226 1053 3293 opera
1083 3221 1118 3277 et
1166 3209 1203 3277 in
1224 3208 1406 3286 creatione,
1422 3203 1470 3273 iul
1517 3208 1573 3273 bat
1594 3205 1629 3272 lu
1650 3206 1816 3272 meantibus
1836 3204 1896 3271 lux
1917 3203 2091 3273 excellens
2110 3207 2155 3275 de

132 3296 224 3363 duna
245 3293 322 3375 Dei,
335 3315 438 3383 „quae
459 3293 612 3361 actiones
633 3292 715 3359 liant
736 3295 871 3379 proprie
899 3293 1118 3361 avolantati·
1167 3293 1256 3374 Deo,
1279 3305 1313 3363 et
1332 3294 1450 3361 notitia
1519 3293 1584 3379 gis,
1616 3304 1651 3359 et
1682 3291 1780 3357 tinne
1800 3294 1958 3357 assensio
1983 3313 2045 3359 seu
2068 3292 2153 3359 fida·

135 3376 431 3449 bueDiabolornm
450 3391 483 3447 et
499 3378 680 3460 hominurn,
701 3391 735 3445 et
748 3390 991 3447 'removeantur
1002 3379 1118 3446 Stoica
1168 3379 1376 3464 amplectans
1408 3380 1650 3463 promissiones
1690 3389 1726 3445 et
1755 3384 1863 3444 minas
1894 3378 1980 3465 Legi
2011 3380 2153 3445 additus.

135 3465 364 3549 delirsurenta,
386 3487 472 3555 quae
493 3478 572 3533 sunt
586 3466 837 3535 contumeliosa
857 3479 975 3533 contra
995 3465 1117 3548 Deum
1168 3466 1301 3533 Deinde
1326 3466 1472 3531 universi
1493 3465 1591 3530 huius
1613 3463 1735 3549 opificii
1758 3466 1880 3543 mundi,
1907 3476 2055 3530 motuum
2078 3485 2155 3530 coe·

134 3567 170 3623 et
190 3556 381 3642 perniciosa
408 3554 570 3634 moribus,
602 3566 635 3621 et
666 3554 848 3641 impediunt
874 3555 1119 3621 invocationem
1168 3551 1301 3621 lestium
1321 3550 1457 3619 humani
1477 3552 1641 3636 corporis,
1663 3551 1887 3629 animantium,
1910 3564 1945 3616 et
1964 3548 2154 3635 plantarum

134 3654 170 3708 et
189 3638 392 3728 diligentiam
413 3641 551 3729 regendi
572 3662 695 3708 mores.
740 3640 794 3708 De
816 3639 869 3707 bis
890 3642 991 3707 tantis
1014 3644 1117 3709 rebus
1169 3661 1213 3711 co
1239 3640 1329 3705 nitio.
1373 3638 1498 3705 Postea
1520 3638 1606 3704 etin
1628 3633 1799 3703 voluntate
1820 3639 1908 3702 etin
1931 3638 2154 3704 corderecti·

132 3729 281 3795 iunioras
303 3729 540 3815 praemonendi
563 3740 652 3810 sunt,
674 3750 717 3795 ne
733 3724 936 3814 applaudunt
952 3729 1038 3807 istis,
1061 3729 1118 3814 qui
1169 3741 1204 3793 tu
1227 3749 1248 3792 o
1271 3737 1305 3793 et
1326 3742 1517 3791 consensus
1540 3736 1612 3791 erat
1633 3742 1824 3805 congruens
1853 3744 1929 3789 curn
1958 3725 2084 3789 notitiis
2107 3724 2153 3791 dt

133 3814 265 3883 stoicas
287 3817 462 3903 opiniones
484 3817 517 3880 in
528 3814 716 3883 Ecclesiam
736 3813 907 3894 invehunt,
929 3817 1119 3901 etquidem
1169 3815 1293 3882 vinitua
1313 3812 1434 3891 insitis,
1457 3832 1544 3898 quae
1566 3823 1646 3877 sunt
1666 3810 1751 3876 radii
1778 3811 1910 3877 divinae
1931 3806 2016 3875 lucis
2038 3812 2072 3877 ln
2093 3830 2154 3877 ne·
2182 3859 2187 3867 -

132 3902 169 3967 iu
183 3902 402 3969 invocatione
422 3922 567 3969 neoesae
588 3914 642 3969 est
669 3903 888 3970 considerare
909 3900 1019 3967 Deum
1040 3922 1119 3969 esse
1171 3905 1236 3981 bis,
1257 3900 1300 3966 Et
1321 3911 1395 3967 erut
1417 3898 1561 3965 omniurn
1583 3900 1741 3964 virtutum
1763 3894 1945 3983 copulatio,
1968 3896 2153 3977 timorDel‚

135 4008 242 4075 egens
274 3986 489 4070 liberrimum,
522 3991 612 4076 quod
640 3987 745 4057 multa
766 3991 801 4055 iu
823 3990 936 4056 causis
959 3990 1118 4056 secrurdis
1169 4009 1251 4056 vera
1272 3986 1394 4053 llducia
1415 3999 1450 4051 et
1470 4006 1553 4052 vere
1573 3983 1708 4051 dilectio
1728 3981 1795 4050 Dei
1812 3995 1847 4049 et
1867 3984 2048 4062 hominurn,
2069 3980 2153 4051 nulli

136 4094 200 4143 aua
223 4077 372 4142 bonitate
394 4073 506 4143 leniat·
1169 4076 1366 4141 aberrantes
1387 4085 1497 4139 motus
1524 4094 1549 4147 a
1572 4073 1688 4138 notitia
1713 4071 1825 4158 begis,
1857 4073 1920 4137 sed
1952 4072 2091 4136 ardebat
2118 4068 2153 4137 la

244 4166 247 4171 '
1170 4161 1275 4227 corde
1294 4181 1390 4226 orrror
1406 4161 1560 4241 iustitiae,
1581 4160 1744 4238 veritatis,
1769 4156 2019 4234 beneticentiae,
2054 4156 2152 4221 casti·

1170 4249 1261 4327 tatis,
1296 4259 1328 4313 et
1360 4243 1460 4311 simul
1492 4258 1565 4311 erat
1596 4244 1737 4311 libertas
1764 4243 1938 4311 electionis
1960 4262 2027 4307 non
2050 4243 2151 4325 impe-

1169 4336 1254 4400 dita.¹
1294 4336 1347 4400 Ac
1368 4332 1421 4397 his
1442 4330 1677 4418 pulcherrimis
1698 4333 1832 4397 dotibus
1862 4327 2091 4415 intelligebant
2111 4348 2151 4393 se

348 4399 412 4468 DE
433 4398 688 4469 CREATIONE
708 4399 905 4469 HOMlNlS·
1169 4432 1309 4488 ornatos
1327 4440 1405 4484 esse
1426 4421 1520 4505 primi
1547 4432 1718 4506 parentes,
1749 4431 1785 4483 ut
1816 4427 2041 4502 agnoscerent
2073 4434 2153 4481 esse

1169 4528 1230 4573 eas
1262 4508 1452 4573 testimonia
1484 4508 1527 4572 de
1558 4506 1651 4586 Deo,
1683 4524 1726 4569 ex
1758 4506 1880 4591 quibus
1907 4505 2086 4580 discerent,
2118 4512 2153 4567 et

221 4590 377 4658 Narratio
401 4593 443 4658 de
466 4594 633 4658 creatione
654 4592 798 4658 bominis
819 4591 962 4658 inMose
984 4612 1117 4678 semper
1168 4614 1247 4659 esse
1257 4594 1379 4673 Deum,
1403 4602 1437 4658 et
1458 4591 1566 4679 qualis
1587 4594 1641 4671 sit,
1664 4604 1697 4657 et
1715 4588 1847 4676 qualem
1868 4585 1950 4655 velit
1971 4608 2049 4653 esse
2073 4591 2152 4654 obe·

133 4682 169 4747 ln
202 4692 390 4764 conspectu
421 4680 465 4744 sit
497 4681 668 4760 omnibus,
700 4690 735 4744 ct
762 4678 1012 4745 confirmandae
1041 4680 1117 4746 fidei
1169 4681 1336 4746 dientiam.
1381 4680 1440 4745 Sic
1461 4693 1599 4744 ornatus
1622 4690 1674 4743 est
1701 4677 1802 4742 homo
1837 4678 1869 4740 in
1904 4677 2086 4754 creatione,
2117 4685 2153 4741 et

133 4786 272 4844 causac,
294 4779 327 4832 at
348 4780 384 4833 ut
405 4764 519 4852 aliquo
541 4767 641 4831 modo
662 4786 721 4831 res
743 4767 902 4831 maximas
925 4767 1117 4833 considere·
1168 4764 1291 4852 placuit
1303 4767 1389 4844 Deo,
1415 4768 1491 4851 quia
1513 4778 1624 4832 textus
1647 4783 1807 4848 expresse
1829 4764 1922 4828 dicit:
1945 4762 2035 4826 Vidit
2056 4760 2152 4827 Deus

133 4875 222 4933 mus,
255 4873 394 4938 quarum
426 4854 579 4919 doctrina
610 4854 656 4918 ibi
688 4853 836 4919 traditur.
893 4851 978 4918 Cum
1007 4865 1117 4919 autem
1169 4856 1278 4919 omnia
1295 4874 1382 4941 quaa
1398 4850 1538 4932 fecerat,
1572 4866 1604 4916 et
1626 4849 1724 4916 valde
1745 4861 1841 4915 erant
1871 4852 1969 4929 bona,
1991 4849 2025 4914 id
2047 4861 2152 4919 esta

40 4936 53 4951 '
133 4952 254 5027 postea
274 4942 317 5005 de
339 4952 478 5025 peccato
501 4941 675 5006 dicendum
696 4941 759 5018 sit,
781 4959 925 5005 necesse
948 4950 1004 5005 est
1022 4942 1116 5025 prius
1167 4939 1245 5007 Deo
1268 4942 1404 5008 condita
1425 4950 1458 5003 et
1480 4951 1573 5003 cerro
1596 4940 1694 5003 modo
1717 4939 1883 5014 ordinata,
1916 4950 1949 5001 et
1984 4933 2151 5021 placentia

133 5028 215 5107 dici,
234 5025 343 5113 qualis
364 5028 408 5093 sit
430 5029 584 5093 conditus
605 5026 708 5093 borno
727 5038 806 5091 ante
828 5037 1013 5111 peccatum.
1045 5026 1118 5093 Etsi
1168 5026 1256 5093 Deo.
1288 5029 1341 5095 Ac
1362 5027 1469 5112 magis
1491 5022 1720 5110 intelligebant
1740 5044 1779 5089 se
1825 5020 1939 5089 lacere
1962 5022 2050 5099 Deo,
2073 5021 2151 5106 qula

133 5125 245 5181 meru
259 5134 338 5180 mcc.
351 5111 549 5201 angelorum
568 5135 632 5181 uec
657 5115 828 5180 bomiuuin
858 5114 1021 5200 sapientia
1041 5136 1118 5200 pem
1168 5112 1263 5181 Deus
1282 5114 1442 5201 prodiere
1464 5130 1508 5178 ex
1525 5132 1650 5178 arcarra
1677 5111 1760 5177 seda
1838 5112 1971 5197 oquitur
2003 5128 2064 5173 cos
2096 5126 2152 5171 ex·

1171 1696 1287 1749 strom.
1331 1682 1523 1771 lntelligunt
1545 1697 1656 1749 autem
1678 1680 1781 1771 aliqui
1810 1685 1988 1771 imaginem
2011 1700 2044 1753 et
2066 1688 2155 1753 eiml-
2265 1702 2270 1713 '
