4628 5588
648 166 655 175 ·
731 169 846 244 rau.
867 169 971 239 nan
994 168 1184 239 sontem
1204 133 1488 236 amuranus
2076 161 2145 231 aar

1387 352 1585 423 TERTIUM
1607 351 1925 420 daemonium.

25 234 27 238 ι
125 178 190 268 2³1

127 391 212 459 quae
230 366 412 455 loquuntur
433 367 475 432 de
498 366 619 444 ventis,
639 375 698 429 aut
718 361 793 429 aliis
816 364 961 428 motibus
974 364 1108 443 creatis,

94 464 101 471 “
124 459 169 523 ab
191 452 265 522 aliis
289 457 401 533 dictis,
423 474 509 540 quae
531 470 673 518 necesse
694 463 747 517 est
764 447 904 537 intelligi
927 452 970 515 de
992 471 1109 534 perso·

124 563 170 609 na
191 562 277 630 quae
298 537 462 627 singulari
479 541 593 625 specie
615 534 783 624 patefacta
807 549 876 617 est,
898 556 974 602 cum
996 537 1030 600 in
1051 538 1110 601 ba·

123 630 248 717 ptismo
271 626 397 694 Christi
419 629 617 693 discernitur
639 647 660 691 a
681 623 782 690 Patre
804 636 838 690 et
860 645 881 689 a
902 621 986 689 Filio
1249 547 1395 611 Tertium
1418 544 1662 622 “stimulum
1686 554 1737 608 ‘st
1759 544 1831 628 ἥρω
1852 526 2005 626 bal'ffiml
2027 538 2147 625 f⁰¹¹¹¹⁸r

1164 655 1262 721 quam
1279 629 1457 697 FiliusDei
1477 632 1549 716 ipse
1571 630 1714 709 tradidit,
1736 630 1853 693 iubens
1870 629 2031 715 baptisari
2040 626 2168 711 homi·-

1163 741 1224 786 nes
1247 720 1281 783 in
1304 739 1443 796 nomen,
1476 716 1510 781 id
1533 728 1600 796 est,
1630 716 1663 780 in
1687 716 1886 800 agnitionem
1902 725 1943 780 'ct
1962 716 2147 782 invocatio·

211 801 287 865 Εῑδῑ
306 801 419 905 ‘igliur
448 799 613 877 d⁰0i¹l¹¹³2
643 817 732 947 §¹¹⁸0
765 795 918 861 adfirmat
940 807 1008 860 ῑῐθὸ
1032 813 1111 859 0⁸⁵0
1163 828 1238 872 nem
1261 805 1325 870 Dei
1348 803 1472 876 Patris,
1496 800 1588 879 Filii,
1615 812 1649 866 et
1670 801 1814 885 Spiritus
1837 802 1956 868 sancti.
2000 800 2037 868 ld
2059 792 2149 889 enlin

125 907 289 976 P⁰¹⁸⁰¹¹³⁸
313 888 454 965 dwlssflss
477 886 622 962 Pstisessb
672 882 772 963 illum,
801 894 833 969 ei
855 882 1013 968 Spiritum
1035 901 1114 944 ⁸⁸¹¹·
1164 891 1330 981 siguificat
1351 889 1435 954 haec
1457 888 1648 955 admiranda
1659 887 1843 972 professisa
1861 885 1936 974 Ego
1953 888 2087 975 baptizo
2100 888 2153 970 te,

127 987 239 1054 cium,
271 971 371 1043 valde
404 975 488 1038 nrira
521 982 584 1050 est,
617 982 650 1035 et
682 969 801 1056 procul
832 990 933 1055 supra
956 980 989 1034 tt
1016 979 1112 1034 etita
1163 982 1196 1045 id
1220 989 1290 1058 est,
1319 975 1421 1042 abluo
1446 988 1496 1055 te,
1535 984 1572 1040 ut
1594 973 1832 1059 testificertibi
1854 974 1973 1039 remitti
1994 984 2148 1061 peccata,
2235 1034 2239 1040 .

127 1072 345 1144 conspectum
368 1061 512 1125 omnium
536 1069 763 1122 creaturarum
781 1058 901 1141 posita,
924 1069 1033 1120 tanuen
1056 1075 1113 1117 ue·
1165 1079 1198 1132 et
1220 1078 1254 1131 te
1276 1065 1380 1148 recipi
1403 1063 1446 1127 ab
1468 1060 1536 1126 hoc
1559 1080 1640 1126 ver-0
1664 1060 1738 1125 Deo
1767 1071 1862 1146 patre
1883 1057 2150 1127 nominamur}

127 1168 226 1214 cesse
248 1161 301 1212 est
323 1148 365 1211 de
388 1147 461 1212 Deo
480 1146 616 1222 sentire,
650 1145 737 1209 sicut
760 1164 799 1208 se
819 1140 988 1229 patefecit,
1021 1142 1112 1207 iuxta
1164 1152 1240 1219 lesu
1263 1148 1404 1228 christi,
1439 1149 1494 1234 qui
1516 1158 1551 1212 te
1572 1148 1689 1229 rectptt
1734 1158 1849 1231 roprer
1869 1143 2001 1225 Filium,
2023 1144 2149 1211 ambi.

125 1230 207 1300 illud
239 1235 431 1297 mandatum
462 1243 632 1297 aeternum
665 1243 699 1296 et
731 1233 912 1308 immotum,
934 1228 1032 1294 Hune
1054 1249 1112 1291 au·
1164 1251 1232 1305 tum
1280 1240 1372 1300 enen·
1394 1235 1558 1312 humano,
1581 1245 1616 1298 ut
1636 1234 1678 1297 sit
1700 1169 1883 1311 illediator,
1905 1243 1938 1297 et
1961 1231 2098 1299 effundit
2113 1234 2150 1299 tn

128 1321 205 1386 dite.
251 1320 337 1385 Huic
370 1320 526 1384 mandato
561 1320 841 1401 obtemperemus,
875 1328 908 1381 et
931 1327 966 1380 ut
984 1311 1111 1379 Paulus
1164 1338 1197 1391 te
1219 1322 1377 1408 spudium
1396 1333 1567 1398 sanctum,
1599 1319 1654 1405 qut
1676 1316 1813 1384 inchoat
1829 1318 1863 1383 in
1885 1318 2011 1384 nostris
2032 1319 2150 1386 menti.
2255 1384 2261 1391 ι

127 1407 245 1492 lnquit,
268 1406 472 1491 Redlgamus
491 1415 619 1468 mentes
640 1406 674 1468 lu
698 1405 932 1488 captivitatem,
958 1402 991 1466 ln
1015 1403 1112 1464 obse·
1164 1413 1229 1476 bus
1263 1430 1386 1475 novam
1415 1418 1448 1472 et
1480 1416 1651 1470 aeternam
1673 1406 1828 1469 iustitiam
1851 1414 1886 1468 et
1908 1407 2018 1471 vitam.
2063 1404 2150 1472 Cum

128 1496 240 1580 quium
262 1491 350 1571 Deo,
383 1506 416 1557 et
450 1492 639 1556 testimonia
660 1511 739 1576 pers
764 1493 839 1553 icua
860 1488 1113 1574 amplectamur,

127 1598 193 1646 nec
216 1582 364 1645 sinamus
387 1599 427 1644 ea
449 1576 642 1664 sophisticis
666 1515 933 1643 cavillationibus
960 1572 1057 1639 eludi.

364 1951 542 2019 PRIMUM
564 1951 877 2020 TESTIMONIUM.

218 2178 270 2244 Sit
290 2180 392 2264 igitur
408 2179 548 2261 primum
570 2175 637 2240 hoc
658 2177 898 2255 testimonium,
932 2176 1115 2239 osteudens

132 2265 288 2351 Spiritum
311 2278 466 2330 sanctum
495 2283 574 2329 esse
595 2283 784 2347 personam,
807 2259 954 2342 scilicet,
990 2260 1114 2345 patela-

132 2353 199 2420 trio
233 2352 414 2416 divinitatis
437 2351 480 2413 ¹iu
516 2351 679 2433 baptismo
716 2348 852 2428 Christi,
875 2350 931 2413 ubi
954 2345 1045 2413 clare
1068 2349 1114 2412 di·

131 2450 332 2505 scernuntur
350 2447 418 2501 tres
440 2456 616 2520 personae.
682 2434 783 2500 Pater
815 2436 934 2520 inquit:
970 2434 1033 2498 llic
1062 2445 1115 2498 est

130 2523 235 2591 Filius
256 2543 350 2589 meus
374 2522 527 2588 dilectus.
592 2523 655 2587 Est
676 2524 774 2608 igitur
795 2519 861 2585 alia
883 2541 1029 2605 persona
1051 2520 1115 2584 Pa·

131 2614 205 2693 tris,
238 2608 304 2675 alia
325 2609 411 2674 Filii.
471 2610 658 2675 Descendit
680 2622 791 2673 autem
813 2608 953 2692 Spiritus
977 2618 1115 2673 sanctus

130 2697 166 2763 iu
188 2700 302 2782 specie
324 2694 510 2762 columbae.
555 2696 623 2761 lam
646 2697 675 2759 si
698 2696 840 2781 Spiritus
863 2707 1003 2760 sanctus
1022 2703 1116 2773 esset

130 2785 267 2871 agitatio
291 2785 326 2847 in
360 2784 477 2848 animis
510 2795 636 2860 creata,
668 2803 736 2846 non
759 2784 935 2865 adpareret
956 2780 1116 2865 peculiari

130 2873 244 2954 speeie
266 2868 446 2953 corporali,
470 2871 635 2954 quianon
659 2880 862 2933 esset-extra
872 2880 1013 2946 mentes,
1036 2888 1117 2954 qua·

15 2984 25 3001 ⁶
130 2977 204 3022 rum
228 2968 320 3021 esset
342 2957 511 3022 accidens.
556 2955 625 3019 Aut
647 2957 677 3019 si
699 2967 791 3019 esset
813 2956 885 3039 ipse
903 2956 1019 3033 Pater,
1049 2974 1116 3016 uon

132 3043 339 3108 discerneret
360 3044 513 3125 Spiritum
536 3054 699 3106 sanctum.
728 3040 836 3126 lnquit
856 3052 984 3106 autem:
1008 3038 1118 3124 Super

134 3149 234 3215 quem
252 3127 375 3193 videris
400 3128 557 3211 Spiritum
580 3140 744 3193 sanctum.

333 3483 581 3552 SECUNDUM
608 3484 920 3553 TESTIMONIUM.

221 3727 381 3795 Secundo
404 3743 543 3815 apparet
564 3728 727 3814 peculiari
750 3731 865 3814 specie
876 3728 1019 3815 Spiritus
1043 3749 1119 3793 san·

135 3826 210 3881 ctus
234 3816 266 3880 in
289 3817 503 3897 Pentecoste,
527 3838 626 3906 quern
649 3829 782 3882 constat
811 3812 901 3882 clare
930 3817 1076 3882 discerni
1098 3836 1119 3879 a

132 3901 236 3967 Patre
258 3913 291 3966 et
313 3903 410 3983 Filio,
433 3907 510 3988 quia
532 3918 631 3970 autea
652 3903 755 3969 Filius
778 3905 874 3968 dixitr
896 3903 1038 3992 Rogabo
1061 3924 1118 3988 pa·

132 3998 220 4055 trem
242 4000 277 4053 et
297 3986 396 4079 aliurn
419 3988 625 4075 paracletum
644 3993 734 4057 dabit
748 3993 855 4057 vohis,
902 3992 995 4056 llaec
1018 3993 1119 4075 igitur

133 4095 292 4162 persona,
315 4097 402 4162 quae
420 4078 453 4139 iu
474 4078 676 4142 Pentecoste
694 4079 898 4162 conspicitur
926 4089 958 4142 et
982 4075 1120 4142 effundi-

133 4173 188 4228 tur
210 4163 244 4227 in
267 4162 474 4249 Apostolus,
503 4176 556 4230 est
577 4184 724 4249 persona
746 4165 900 4229 distincta
922 4185 943 4229 a
964 4162 1063 4228 Patre
1086 4174 1120 4228 et

133 4267 155 4313 a
186 4244 296 4315 Filio·
338 4249 479 4317 Etcum
501 4251 741 4317 sanctiticetet
764 4250 919 4330 vivificet,
942 4261 995 4316 est
1017 4250 1120 4314 orturi-

133 4343 266 4419 potens.

222 4506 341 4576 Similis
375 4507 554 4594 patefactio
586 4511 621 4575 in
652 4510 751 4575 domo
774 4506 922 4575 Cornelii
943 4506 1034 4575 iacta
1055 4518 1118 4575 est.

1164 1486 1273 1585 tgtror‘
1295 1493 1403 1560 forma
1431 1492 1584 1576 baptismi
1614 1491 1785 1556 discernat
1806 1489 1961 1576 Spiritum
1983 1500 2151 1572 sanctum,

1165 1580 1296 1649 al'atre
1319 1592 1352 1646 et
1372 1578 1468 1659 Filio,
1491 1597 1633 1643 necesse
1656 1589 1708 1642 est
1729 1597 1909 1661 personam
1931 1597 2020 1643 esse.
2063 1575 2151 1646 Nam

1165 1672 1194 1735 si
1212 1680 1304 1734 esset
1326 1668 1428 1732 Pater
1447 1678 1503 1729 aut
1526 1661 1682 1743 Filius,’a
1708 1664 1795 1727 ituris
1817 1673 1911 1730 motu
1932 1673 2058 1743 creato,
2079 1683 2151 1731 nou

1165 1765 1257 1821 esset
1279 1753 1374 1819 tertio
1396 1753 1475 1817 loco
1495 1751 1655 1816 recitatus
1678 1686 1839 1834 Spiritus,
1863 1762 2020 1836 tanquam
2041 1771 2063 1815 a
2084 1749 2150 1816 Pa·

1165 1854 1216 1907 tre
1249 1852 1305 1906 aut
1327 1837 1411 1905 Filio
1443 1837 1702 1915 discernenduS,
1736 1837 1765 1900 si
1788 1833 1943 1915 videlicet
1965 1844 2056 1901 esset
2076 1837 2152 1923 ipse

1165 1927 1267 1993 Pater
1288 1927 1420 2014 agitans
1442 1935 1500 1990 aut
1521 1924 1657 2009 agitatio
1680 1933 1794 1987 creata
1814 1924 1848 1986 iu
1868 1920 2012 1988 homine
2104 1933 2109 1941 ‘

1254 2096 1385 2161 Deinde
1417 2116 1493 2160 cum
1514 2094 1599 2159 haec
1621 2095 1694 2179 ipsa
1715 2091 1823 2158 sonna
1843 2093 1999 2178 baptismi
2028 2093 2152 2159 doceat

1167 2186 1293 2269 pariter
1325 2185 1484 2247 iuvocare
1506 2182 1541 2262 S,
1554 2182 1664 2244 iritum
1686 2191 1856 2259 sanctum,
1890 2199 1965 2245 cunr
1993 2177 2095 2245 Patre
2117 2190 2151 2246 et

1167 2270 1269 2349 Filio,
1303 2270 1426 2352 pariter
1458 2269 1488 2333 ei
1510 2267 1623 2331 tribuit
1646 2267 1926 2351 omnipotentiam.
1970 2263 2064 2332 llaec
2087 2267 2152 2332 tria

1167 2357 1359 2437 testimonia
1391 2355 1420 2418 si
1452 2354 1505 2439 pie
1540 2353 1805 2431 considerentur,
1839 2349 1934 2416 firma
1956 2362 1991 2416 et
2011 2348 2154 2417 illustria

1168 2464 1246 2509 esse
1268 2439 1504 2526 intelligemus.
1536 2439 1621 2503 Nam
1646 2450 1738 2504 certe
1759 2435 2016 2524 patelactiones,
2038 2438 2072 2502 iu
2095 2440 2153 2505 ha·

1191 2533 1289 2595 tismo
1313 2526 1451 2602 Christi,
1478 2537 1512 2591 et
1533 2527 1565 2589 in
1585 2523 1804 2604 Pentecoste,
1837 2545 1906 2591 nou
1928 2534 2008 2590 sunt
2029 2520 2155 2590 frustra

1168 2553 1290 2681 lautae.
1333 2613 1431 2680 Nunc
1463 2613 1623 2677 addemus
1657 2623 1691 2676 et
1723 2612 1812 2676 dicta
1833 2622 1926 2678 certa
1947 2608 2089 2689 Christi,
2119 2610 2155 2675 in

1169 2704 1289 2790 quibus
1317 2702 1452 2786 proprie
1482 2699 1524 2763 de
1545 2699 1611 2763 bac
1632 2717 1779 2783 persona
1801 2698 2034 2776 concionatur,
2066 2715 2155 2784 quae

1169 2792 1357 2857 nominatur
1379 2785 1524 2871 Spiritus
1545 2797 1696 2875 sanctus.

1367 2959 1597 3067 'Quaerunt
1628 2985 1946 3054 rasrrucuruu.
1990 3060 1993 3065 ,
2111 3081 2116 3088 ¹

1257 3180 1372 3247 lohan.
1397 3181 1449 3244 14.
1493 3178 1545 3244 llo
1570 3182 1637 3244 abo
1657 3179 1803 3256 Patrem,
1826 3187 1860 3241 et
1881 3173 1981 3242 alium
2003 3175 2155 3263 paracle·

1171 3282 1241 3335 tum
1264 3269 1354 3334 dabit
1376 3268 1485 3333 vohis:
1560 3288 1613 3330 um
1635 3266 1696 3344 ait,
1719 3262 1851 3341 Alium,
1873 3263 2032 3329 discernit
2052 3284 2074 3329 a
2090 3263 2156 3329 Pa·

1172 3368 1223 3422 tre
1245 3367 1278 3420 et
1300 3352 1395 3433 lilio,
1412 3352 1501 3418 hunc
1523 3348 1738 3437 paracletum.
1772 3348 1848 3414 Nou
1869 3350 1968 3434 igitur
1987 3349 2156 3437 significat

1174 3443 1198 3508 S
1222 3444 1315 3507 iritus
1347 3443 1456 3526 ipsum
1479 3438 1613 3503 Patrem
1636 3438 1834 3521 agitantem,
1865 3439 2042 3503 nonenim
2064 3446 2157 3503 esset

1172 3466 1283 3608 Alius,
1305 3548 1369 3592 nec
1392 3525 1559 3675 significat
1579 3525 1793 3612 agitationem
1805 3533 1961 3603 creatam,
1982 3543 2052 3588 non
2068 3525 2157 3589 enim

1172 3617 1358 3680 mitteretur
1379 3635 1399 3679 a
1439 3609 1516 3691 ilio,
1540 3613 1569 3676 si
1592 3622 1682 3675 esset
1706 3608 1807 3674 Pater
1829 3609 1977 3695 agitans,
2005 3607 2158 3675 a'uttan-
2184 3648 2190 3657 ·

1172 3715 1240 3777 tam
1273 3722 1291 3764 a
1318 3701 1420 3764 itatio
1446 3709 1560 3763 creata
1592 3719 1612 3762 a
1641 3695 1753 3761 Patre.
1796 3693 1842 3759 At
1863 3693 2019 3762 Christus
2049 3696 2157 3780 inquit

1171 3786 1242 3853 luh,
1266 3723 1317 3850 lbg.
1348 3784 1431 3851 Cum
1453 3785 1581 3851 venerit
1598 3781 1801 3867 paracletus,
1822 3801 1921 3867 quem
1943 3801 2008 3932 ego
2029 3782 2158 3847 mithara

1170 3876 1269 3943 vobis
1292 3895 1313 3937 a
1335 3870 1446 3951 Patre,
1482 3870 1619 3954 spiritus
1642 3869 1809 3946 veritatis,
1838 3869 1938 3954 quia
1987 3879 2059 3933 atra
2081 3887 2156 3951 pro·

1171 3963 1271 4028 cedit.
1316 3959 1426 4036 Asc,
1459 3959 1564 4041 iuquit
1584 3957 1667 4021 mitti
1688 3955 1846 4040 Spiritum
1870 3965 2031 4019 sanctum.
2076 3952 2157 4019 Non
2211 3956 2214 3961 '

1171 4060 1224 4113 est
1251 4046 1352 4132 igitur
1385 4055 1442 4108 aut
1463 4042 1563 4109 Pater
1596 4045 1746 4129 agitans,
1780 4053 1837 4106 aut
1870 4050 1996 4107 tautum
2017 4040 2157 4129 agitatio

1171 4144 1283 4201 creata
1305 4153 1325 4197 a
1346 4129 1482 4196 Patre·

1257 4253 1344 4318 Sunt
1377 4264 1410 4317 et
1442 4248 1528 4315 haec
1562 4266 1727 4332 personae
1750 4248 1895 4341 propria.
1939 4243 2037 4311 Alius
2059 4264 2157 4332 para·
2271 4244 2293 4285 ·'

1171 4339 1297 4417 cletus,
1332 4341 1388 4426 qui
1410 4338 1546 4403 docebit
1568 4356 1650 4414 vos,
1682 4345 1715 4399 et
1738 4352 1829 4421 quaa
1844 4333 1967 4411 audiet,
1988 4330 2157 4419 loquetur.

1171 4428 1208 4494 Si
1236 4426 1372 4511 spiritus
1403 4422 1606 4510 significaret
1637 4418 1705 4485 hoc
1727 4418 1805 4485 luco
1827 4442 1846 4485 a
1872 4420 2041 4484 itationem
2065 4437 2158 4484 crea·

1171 4527 1250 4593 tam,
1272 4523 1365 4578 esset
1387 4512 1558 4589 doctrina,
1587 4529 1655 4573 non
1678 4510 1799 4575 doctor
1856 4508 1924 4585 'us,
1957 4527 1979 4571 a
1999 4504 2102 4572 Patre
2122 4514 2160 4571 at

133 4591 206 4659 Nec
238 4608 487 4677 praetereamus
521 4597 619 4664 otiosi
652 4597 715 4661 has
748 4593 1003 4681 patefactiones,
1033 4595 1120 4661 sicut
1170 4597 1254 4666 Pilio
1279 4599 1417 4666 audiens
1436 4609 1470 4664 et
1486 4597 1670 4679 accipiens.

134 4680 279 4746 maxima
311 4703 391 4766 pars
424 4686 558 4768 generis
591 4682 726 4749 humani
755 4704 815 4749 eas
837 4683 1006 4768 praeterit,
1029 4683 1120 4832 {aad

134 4765 337 4831 horrendum
360 4781 393 4833 et
414 4770 655 4854 deplorandum
678 4780 740 4835 est
770 4769 838 4836 Sed
861 4772 1007 4836 sciamus
1054 4790 1119 4835 ano

133 4852 243 4936 ipsam
265 4855 309 4918 ob
331 4874 467 4920 causam
488 4854 597 4923 factas
619 4877 708 4936 esse,
730 4858 807 4942 quia
824 4857 919 4923 Deus
941 4877 980 4920 se
1003 4851 1120 4920 Eccle-

67 4984 70 4991 -
135 4939 208 5004 siae
235 4958 319 5004 suae
348 4942 538 5023 ostendere,
556 4957 589 5011 et
607 4945 704 5010 nobis
728 4957 822 5010 certa
843 4943 1034 5009 testimonia
1054 4952 1121 5005 tra·

135 5026 218 5092 dere
239 5022 356 5093 voluit
410 5025 537 5095 Horum
567 5033 771 5118 cogitatione
792 5031 893 5119 igitur
913 5050 977 5097 nos
1000 5025 1123 5096 confir·

134 5130 274 5183 mmm·
806 5149 809 5156 '

1395 4835 1597 4913 QUINTUM
1614 4829 1933 4902 rasrmouruu.

1258 5027 1297 5094 ln
1324 5030 1439 5116 priore
1459 5023 1613 5113 Epistola
1636 5027 1679 5092 ad
1702 5020 1853 5091 Corinth.
1881 5041 1957 5107 cap.
1988 5018 2040 5084 12.
2061 5015 2159 5087 clara

1173 5116 1332 5185 dhoornit
1350 5112 1657 5202 Pardus'Spiritunr
1675 5120 1834 5179 unctum
1858 5130 1880 5176 a
1900 5106 2000 5175 donis
2021 5105 2160 5187 mdo,
