4628 5588
134 189 202 263 Ν
320 240 322 251 ,

137 389 312 461 misum,
344 391 380 446 at
411 398 478 447 non
510 399 662 467 pugnare
690 399 765 445 cunr
786 380 902 466 quinto
923 389 1116 464 praecepto.

136 465 206 535 ast
227 479 264 533 ut
285 485 434 533 summus
456 466 583 552 gradum
604 475 659 531 est
679 466 856 551 potcstatis
870 462 1025 552 politicae
1048 462 1116 532 bel·

134 549 216 634 lum,
248 552 297 618 lta
328 553 362 617 in
394 554 535 618 maximo
558 553 666 618 abusu
689 563 759 632 est,
791 564 824 617 et
845 552 1018 619 ‘rarissima
1038 564 1118 618 sunt

113 640 223 706 iusta
245 649 279 704 et
300 637 448 725 legitima
470 635 580 716 bella,
614 637 683 704 Sed
705 635 870 721 Diabolus
893 658 969 705 cum
990 638 1034 704 sit
1055 638 1115 703 ho·

134 726 267 807 micide,
289 738 322 790 et
344 726 496 790 inimicus
517 721 655 810 politico
677 725 795 803 ordini,
817 745 921 812 saepe
936 723 1116 792 levissimis

133 813 371 880 occasionibus
393 812 517 877 excitat
538 811 685 897 ingentia
707 808 808 889 belia,
830 812 978 877 incensis
999 811 1117 877 animis

135 900 291 984 utrinque
312 898 437 964 iniusta
462 897 651 982 cupiditate.
717 897 811 963 llaec
838 895 1014 963 latrocinia
1035 895 1118 963 tole·

21 1031 25 1042 ·
112 995 189 1065 ,rat
209 984 316 1064 Deus,
339 997 376 1050 nt
395 984 575 1070 puniantur
591 983 764 1071 utriusque
786 985 891 1069 partis
913 982 1056 1050 scelera.
1105 1051 1121 1067 ν

222 1155 273 1222 stt
294 1169 405 1223 autem
426 1155 513 1221 haec
534 1155 697 1242 sapientia
729 1157 762 1220 in
791 1156 929 1222 summis
952 1156 1117 1243 guberna·

136 1241 280 1321 toribus,
312 1255 349 1308 ut
384 1240 571 1308 deliberent
602 1262 690 1328 quae
713 1239 801 1307 bella
822 1243 890 1307 sint
912 1241 1117 1321 necessaria,

136 1350 225 1420 quas
245 1330 384 1395 iniurias
418 1334 562 1393 ἐπιείκεια
595 1329 788 1396 condonare
809 1331 930 1395 debeat
953 1327 1118 1394 communi

22 1405 32 1421 ‘
135 1412 248 1496 saluti,
265 1435 308 1481 ec
328 1416 525 1502 praesertim
546 1411 732 1495 Ecclesiae,
763 1415 835 1482 Neo
857 1416 1006 1480 serviant
1028 1411 1118 1479 bella

15 1533 21 1542 ·
132 1502 283 1590 privatae
304 1503 505 1582 iracundiae,
529 1503 708 1582 ambitioni,
729 1502 899 1580 avaritiae,
921 1514 979 1567 ant
1000 1501 1118 1587 impiae

138 1588 359 1674 superationi,
391 1590 450 1652 sed
486 1590 563 1667 sint,
597 1599 633 1653 ut
654 1585 788 1676 Abigail
810 1588 971 1669 nominat,
993 1584 1119 1674 praelia

136 1672 282 1753 Domini,
310 1675 463 1761 inquiens
496 1676 537 1741 ad
568 1672 695 1742 David:
728 1675 813 1750 Quia
834 1671 961 1760 praelia
986 1673 1117 1738 ltomini
1142 1687 1148 1733 t

135 1760 323 1849 praeliaris,
345 1780 413 1827 non
436 1762 621 1826 invenietur
641 1760 722 1827 inte
744 1757 877 1826 malum.
920 1759 965 1825 Et
985 1759 1119 1825 notissi-

84 1900 86 1904 ,
134 1868 224 1914 ιιιιιιιι
246 1846 290 1914 sit
312 1847 435 1912 dictum
460 1845 613 1914 lindarlt
645 1849 680 1911 ia
701 1847 832 1928 no'yrpor
854 1851 950 1931 χωρὶς
970 1848 1060 1926 θεοῦ,
1083 1847 1119 1910 ἔα

133 1932 247 2019 μάχαν,
270 1933 392 2000 Omitte
410 1955 568 2021 pugnam,
590 1935 703 2000 omitte
725 1932 849 1999 bellum
869 1934 943 1999 sine
965 1930 1051 1999 Deo.

133 2103 552 2260 tutemcomprehenduntur
582 2060 656 2171 hoc.
683 2116 864 2192 praecepto
892 2104 1016 2171 multae
1052 2105 1117 2170 vir·

221 2345 351 2411 lustitia
380 2342 605 2431 particularis,
635 2366 724 2431 qnae
757 2356 810 2411 est
838 2313 964 2411 nullius
993 2363 1117 2496 corpus

133 2433 255 2587 lpppaeda
276 2430 429 2512 allicere,
446 2443 482 2498 et
500 2433 557 2498 ubi
578 2451 763 2518 possumus
785 2433 981 2499 innoeentes
1003 2433 1046 2496 de
1060 2451 1117 2497 en·

95 2692 97 2696 »
221 2654 550 2737 nnnsuuruno,
582 2674 670 2744 ques
691 2665 744 2721 et
764 2610 870 2722 tenes
890 2656 974 2722 mm
993 2655 1117 2742 pross-

133 2743 192 2813 bill
212 2745 354 2824 ratione.

223 2880 379 2960 zatus,
402 2881 456 2967 qni
480 2890 533 2945 est
553 2891 692 2966 propter
713 2876 853 2967 gloriam
875 2877 957 2960 Dei,
979 2879 1117 2945 atiusti·

42 2974 49 2980 ’
135 2969 214 3041 tiau
236 2969 368 3035 incendi
391 2965 507 3033 dolore
530 2981 563 3030 et
583 2966 634 3030 ira
655 2966 698 3030 ad
721 2964 1116 3052 depellendascontume·

135 3053 213 3137 lias,
235 3066 269 3121 et
290 3056 333 3121 ad
354 3052 543 3139 pellendam
564 3052 808 3140 turpitudinem.

220 3189 466 3271 adlatrare,
499 3199 655 3276 quaeest
676 3185 840 3275 probabili
863 3189 991 3255 ratione
1011 3185 1116 3253 lenira

31 3304 37 3309 ·
132 3275 241 3347 iustas
262 3298 401 3365 poenas,
424 3289 457 3342 et
479 3274 634 3343 oblivisci
655 3275 964 3360 privatasiniun‘as,
987 3275 1030 3341 de
1046 3275 1117 3362 qui·

31 3439 34 3444 ,
134 3368 200 3434 tus
222 3364 357 3431 dicitur:
380 3361 559 3442 Remittite,
583 3375 617 3428 et
633 3364 817 3428 remittetur
837 3364 946 3429 vobis.

220 3498 560 3581 maurentani,
582 3521 668 3588 quae
691 3511 745 3567 et
762 3501 885 3567 tusum
907 3470 1019 3566 usum
1038 3519 1116 3587 pre

136 3592 210 3679 pria
233 3591 365 3675 corpori
387 3591 421 3655 in
442 3587 542 3655 modo
563 3589 684 3654 vic-tus.
895 3609 898 3622 ¹

356 3881 419 3948 DE
440 3879 587 3947 SEXTO
611 3877 888 3946 PRAECEPTO.

767 144 883 259 rum
901 187 1009 261 aar.
1027 187 1220 272 scama
1240 136 1523 259 noemma

1804 72 1808 85 h

1770 84 1791 124 ο
1910 111 1919 123 .
2264 110 2270 117 .

1752 162 1756 171 ¹
2169 171 2171 175 η

1878 194 1890 201 ”
2084 188 2154 258 m

1983 268 1988 276 .

1167 380 1327 449 iudicabit
1349 379 1443 446 Deus
1464 391 1529 447 etc.
1575 379 1669 446 llaec
1691 326 1780 447 diota
1800 381 1914 447 omnia
1939 377 2164 456 includantur,
2256 366 2259 375 ¹

1167 465 1290 542 inhoc
1311 477 1442 535 sextum
1463 479 1696 552 praeceptum·
1710 477 1745 532 at
1765 467 1965 554 adaugetur
1980 468 2150 533 enarratio

1159 550 1294 624 ,Christi
1315 554 1454 619 recitata
1476 552 1594 619 Matth.
1616 553 1649 641 ii.

1255 724 1330 790 lluc
1352 735 1386 790 et
1406 736 1478 791 tota
1499 725 1649 790 doctrina
1670 725 1813 808 pertinet
1831 725 1873 813 de
1884 725 2052 813 coniugio,
2073 746 2152 811 pro·

1168 811 1242 896 pria
1273 809 1460 891 Ecclesiae,
1493 823 1528 877 et
1555 812 1752 896 saepissime
1784 809 1850 879 hoo
1877 811 2065 876 testimonio
2086 831 2153 878 nos

1170 896 1423 977 confirmemus,
1457 895 1541 964 Cum
1574 899 1608 962 in
1639 895 1714 963 sola
1742 918 1824 964 vera
1844 895 1998 966 Ecclesia
2020 896 2084 962 Dei
2106 899 2152 964 sit

1169 984 1298 1069 integra
1331 984 1485 1049 doctrina
1517 985 1559 1049 de
1582 984 1750 1071 coningio,
1783 994 1818 1049 et
1840 984 1882 1049 de
1905 985 2071 1062 castitate,
2094 1003 2152 1048 no·

1169 1090 1267 1134 cesse
1300 1085 1353 1134 est
1381 1068 1491 1136 solum
1523 1068 1613 1135 hunc
1642 1083 1773 1135 coetum
1794 1090 1872 1136 esse
1894 1066 2052 1156 populum
2075 1069 2153 1151 Dei,
2233 1085 2240 1100 ⁸

1169 1153 2007 1329 ilidii&⁰it¹ttitttl⁶lt³toiittitltt
2029 1157 2152 1315 liiii}

1168 1326 1374 1412 impossibile
1408 1340 1477 1411 est,
1503 1325 1546 1392 ali
1572 1349 1645 1393 uem
1680 1341 1810 1394 coetum
1833 1326 2008 1394 manifeste
2030 1328 2153 1394 doceo·

1170 1425 1234 1478 tem
1257 1410 1379 1499 aliquid
1402 1428 1518 1479 contra
1541 1351 1670 1481 tlecalo
1697 1435 1761 1492 um,
1784 1412 2064 1480 esseEcclesiam
2075 1412 2169 1497 liei,⁸

1169 1510 1205 1566 ut
1226 1498 1357 1566 Ethnici
1391 1499 1511 1566 multas
1544 1520 1651 1587 vagas
1672 1436 1839 1566 libidines
1873 1512 1907 1565 ct
1935 1497 2152 1566 confusiones

1169 1588 1705 1752 piopgugpotpmt'apprpbaverunt.
1760 1586 1850 1652 ldem
1872 1607 1961 1653 nunc
1982 1583 2153 1654 lilaltome·

1194 1691 1212 1736 s
1249 1693 1268 1738 e
1302 1694 1344 1738 ac
1357 1695 1399 1739 un
1450 1693 1469 1738 e
1532 1693 1607 1760 apa.

1254 1809 1437 1876 Prohibitio
1460 1810 1618 1896 coniugii,
1646 1820 1680 1874 et
1707 1820 1787 1875 vota
1808 1806 2051 1875 Monachorum
2073 1829 2153 1877 cau·

1168 1915 1229 1961 sae
1250 1908 1328 1962 sunt
1349 1895 1526 1962 multorum
1549 1893 1753 1963 horribilium
1772 1891 1952 1960 scelerum.
1998 1894 2152 1962 Sciamus

1166 1982 1269 2089 ipitur
1290 1980 1475 2048 castitatdm
1497 1980 1571 2050 Deo
1593 1978 1790 2069 placentem
1813 2001 1903 2060 esse,
1935 1977 1991 2046 vel
2012 1983 2046 2046 in
2068 1979 2152 2071 legi·

1169 2081 1248 2134 trmo
1285 2069 1453 2156 coniugio,
1485 2066 1539 2134 vel
1573 2070 1606 2134 iu
1639 2069 1708 2135 vita
1731 2063 1850 2133 coelibi
1872 2079 2010 2153 propter
2022 2065 2158 2150 Deum,

1168 2155 1274 2221 vitare
1296 2168 1413 2220 omnes
1435 2153 1620 2241 prohibitas
1640 2155 1890 2220 commixtiones
1913 2167 1948 2219 et
1969 2152 2151 2220 effusiones

1168 2241 1316 2305 seminis.
1360 2239 1402 2306 Et
1423 2243 1466 2307 ad
1490 2243 1677 2306 castitatem
1701 2244 1764 2306 n‘oe
1783 2240 2009 2306 exuscitemus
2023 2240 2151 2329 cogita·

1168 2328 1258 2391 tione
1280 2328 1425 2392 mandati
1448 2327 1560 2407 divini,
1583 2338 1616 2392 et
1637 2325 1845 2393 horribilium
1865 2345 2049 2412 poenarum
2069 2340 2151 2393 tem·
2225 2363 2232 2373 -

1166 2410 1330 2498 puralium
1352 2423 1386 2477 et
1406 2424 1627 2480 aeternarum.

1255 2547 1449 2634 Cogitemus
1471 2549 1588 2629 etiam,
1622 2568 1727 2636 qnare
1748 2546 1844 2614 Deus
1862 2561 1928 2615 tatu
1950 2568 2070 2616 severa
2090 2557 2160 2633 pu-'

1167 2635 1236 2701 niat
1257 2633 1425 2714 libidines,
1449 2636 1538 2722 quod
1562 2633 1633 2701 vult
1645 2632 1784 2722 intelligi
1796 2636 1996 2715 castitatem,
2017 2647 2055 2701 ut
2064 2636 2152 2701 scia·

1166 2741 1241 2788 mus
1262 2722 1370 2807 ipsum
1392 2741 1470 2788 esse
1491 2731 1634 2787 mentem
1658 2735 1798 2800 castam,
1819 2741 1956 2806 puram,
1984 2734 2019 2788 et
2039 2741 2152 2786 amau·

1166 2819 1234 2872 tem
1256 2808 1394 2884 ordinis,
1418 2819 1452 2874 et
1473 2809 1660 2875 castitatem
1683 2808 1861 2873 ostendere
1881 2804 2012 2874 illustre
2035 2808 2151 2873 diaeti-

1166 2896 1351 2959 mensinter
1373 2893 1499 2973 Deum,
1521 2907 1555 2959 et
1576 2905 1714 2960 naturas
1730 2894 1935 2968 immundas,
1969 2895 2076 2962 Acin
2098 2896 2151 2960 in·

1168 2982 1346 3046 vocatione
1379 2981 1578 3075 cogitantes,
1634 2982 1701 3047 nod
1734 2982 1778 3046 sit
1800 2978 1907 3058 Deus,
1939 2977 2005 3045 bac
2027 2981 2161 3064 vittata,
2297 2968 2302 2973 ’

1166 3087 1240 3132 cum
1274 3068 1504 3132 discernamus
1535 3087 1557 3132 a
1589 3063 1754 3131 Diabolis.
1818 3063 2012 3154 Cogitamus
2050 3067 2151 3132 etiam

1166 3150 1331 3218 Diabolus
1353 3153 1542 3218 immediate
1563 3155 1639 3218 odio
1651 3150 1715 3218 Dei
1736 3149 1908 3238 impellere
1924 3151 2073 3218 iniirmoa
2090 3150 2151 3218 ho·

1168 3241 1275 3304 mines
1309 3239 1351 3303 nd
1374 3236 1545 3305 libidinum
1568 3239 1795 3305 confusiones.
1861 3237 1977 3312 Quare
1997 3252 2150 3324 petamus

1168 3321 1324 3390 auxilium
1357 3324 1421 3389 Dei
1454 3326 1497 3390 ad
1519 3325 1725 3411 retinendam
1758 3326 1957 3405 castitatem,
1991 3345 2033 3389 ac
2055 3324 2150 3391 Deus

1168 3432 1208 3476 eo
1230 3409 1386 3477 libentius
1408 3432 1505 3496 opem
1527 3409 1591 3476 lert
1612 3412 1814 3497 petentibus,
1840 3411 2001 3498 quiescit
2024 3411 2149 3476 Diabo‘·

1166 3494 1221 3561 los
1253 3499 1432 3583 praccipue
1464 3510 1602 3583 propter
1627 3498 1715 3563 hanc
1737 3518 1875 3562 causam
1897 3494 2068 3580 impellere
2089 3497 2150 3562 ho·

1166 3584 1271 3649 mines
1293 3585 1336 3650 ad
1357 3585 1680 3664 contaminationem,
1701 3595 1737 3649 ut
1760 3583 1855 3659 Deru
1877 3580 2079 3649 conmmclia
2100 3578 2150 3649 ai·
2185 3659 2189 3664 ¹

1167 3668 1307 3750 finiatur,
1340 3682 1374 3736 et
1394 3668 1537 3756 plurima
1560 3668 1639 3735 liant
1659 3665 1868 3756 displicentia
1890 3667 1981 3735 Deo:
2015 3669 2150 3736 Fortius
2220 3728 2226 3741 ,

1167 3757 1267 3841 igitur
1287 3758 1434 3840 reprimit
1453 3753 1617 3822 Diabolus
1639 3754 1746 3834 oens,
1770 3759 1848 3842 quia
1868 3757 1934 3821 scit
1954 3776 2015 3820 eos
2039 3756 2147 3844 magis

1167 3842 1244 3907 edio
1266 3841 1331 3908 liei
1356 3863 1454 3929 quam
1476 3842 1644 3908 hominum
1665 3839 1786 3906 furore.
1830 3842 1903 3908 llae
1925 3843 2165 3931 cogitationes·

1165 3946 1269 4015 saepe
1291 3930 1481 3995 miscendae
1501 3941 1581 3994 sunt
1601 3929 1814 3995 invocationi.

222 4104 258 4171 la
291 4116 387 4171 sexto
416 4115 611 4190 praecepto,
638 4102 714 4168 Nun
748 4101 992 4180 moechaberis,
1026 4079 1145 4166 com-⁸

157 4191 294 4261 rehendi
327 4211 471 4258 necesse
503 4205 554 4257 est
577 4192 686 4255 omnia
706 4200 885 4275 praecepta
910 4187 971 4255 ttet
994 4186 1115 4252 tradita

133 4217 168 4346 ln
202 4281 378 4366 scripturis
411 4277 628 4362 Propheticis'
656 4287 691 4340 et
723 4270 941 4360 apostolius,
971 4291 1058 4358 quae
1080 4285 1113 4337 et

134 4368 287 4433 sanciunt
311 4364 511 4449 coniugium,
535 4375 569 4428 et
590 4361 767 4448 prohibent
785 4381 900 4426 omnes
917 4356 1003 4424 alias
1026 4379 1114 4424 com·

134 4453 322 4531 nutationes,
344 4466 377 4519 et
400 4450 580 4516 effusiones
601 4448 749 4527 sentinis,
772 4449 860 4511 utin
884 4467 957 4531 cap.
982 4445 1033 4512 18.
1051 4443 1114 4509 lie·

133 4539 237 4614 vitici,
271 4541 452 4605 recitantur
484 4532 608 4601 multae
634 4534 893 4685 ppt-olribitioues,
925 4545 958 4596 et
983 4531 1115 4596 additur

131 4624 345 4690 menmium
369 4622 589 4699 comminatio,
668 4622 751 4685 nmis
779 4621 888 4684 anima
907 4639 1006 4705 ‚quae
1027 4616 1114 4682 iece-

16 4774 26 4801 s.
133 4711 176 4777 rit
197 4707 321 4796 aliquid
349 4709 465 4777 harum
487 4709 778 4786 abominationum,
801 4707 920 4789 peribit
941 4705 983 4771 de
1004 4703 1113 4770 medio

134 4795 249 4884 puppii
272 4797 335 4862 sui.
380 4794 485 4879 Ephe.
508 4794 541 4860 5.
586 4794 703 4859 (imnis
725 4803 895 4897 scortator
922 4803 977 4856 aut
991 4802 1115 4900 ¹conta·

71 4927 73 4931 ι
134 4883 291 4956 minatus,
313 4902 380 4948 non
404 4883 502 4947 liabet
525 4881 764 4947 haereditatem
786 4899 818 4943 tn
843 4897 947 4965 regno
976 4877 1113 4956 bhrrsti,

18 4999 27 5012 ·
135 4969 169 5036 'at
190 4967 264 5035 Det.
286 4969 392 5036 Nemo
416 4990 475 5034 vos
498 4968 641 5052 decipiat
663 4966 758 5033 tanis
781 4966 1002 5030 sermonibus.
1031 4961 1114 5028 Pro·

57 5089 60 5093 ⁴
135 5067 211 5142 pter
242 5057 330 5123 haec
362 5057 452 5120 venit
487 5055 536 5119 ira
559 5053 621 5119 liei
644 5073 747 5138 super
767 5052 1007 5118 inobedientes.
1072 5046 1130 5119 Et.

134 5144 179 5210 ad
201 5138 375 5211 llebraeos
392 5141 555 5228 scriptum
575 5151 640 5220 est,
662 5139 877 5206 scortatores
897 5133 1114 5203 etadrdtaros

1362 4251 1425 4320 ua
1454 4227 1646 4320 summo
1667 4250 1947 4322 rainonem.
2005 4258 2008 4263 ·

1215 4519 1221 4531 ·
1277 4483 1280 4491 '
1412 4483 1530 4603 ⁸Nou
1559 4482 1713 4601 surium
1743 4482 1890 4579 facies„

1252 4700 1336 4768 Cum
1364 4697 1485 4768 lurtum
1507 4700 1713 4788 prohibetur,
1746 4720 1766 4768 e
1788 4703 1926 4791 regiona
1947 4699 2149 4769 affirmativa

1166 4790 1333 4855 sententia
1350 4789 1492 4855 tenenda
1513 4801 1578 4854 est.
1644 4789 1719 4855 Non
1740 4790 1827 4855 enim
1847 4800 1963 4854 essent
1983 4784 2083 4868 suma,
2115 4787 2147 4854 si

1166 4872 1259 4941 nulla
1290 4888 1382 4941 essct
1404 4875 1571 4941 distinctio
1594 4875 1822 4941 dominiorum.
1889 4873 1966 4940 idco
1999 4875 2147 4940 sciamus

1166 4962 1199 5027 in
1219 4960 1283 5027 hoc
1305 4975 1484 5047 praecepto
1507 4962 1641 5047 sanciri,
1653 4963 1897 5027 distinctionem
1914 4952 2146 5041 donrit'riornm,

1167 5058 1201 5114 et
1222 5049 1369 5114 discerni
1390 5050 1477 5113 inter
1497 5049 1632 5133 propria
1650 5060 1683 5114 et
1703 5045 1823 5127 aliena,
1856 5059 1893 5112 et
1913 5046 2003 5113 velle
2025 5045 2146 5126 Deum,

1167 5146 1204 5201 ut
1224 5155 1306 5205 sues
1328 5136 1470 5223 quisque
1491 5154 1549 5201 res
1571 5144 1694 5218 teneat,
1713 5144 1749 5200 et
1768 5137 1812 5200 ab
1834 5131 1945 5200 alieno
1966 5134 2147 5200 abstineat.
