4628 5588
148 130 237 240 ¹rau
797 170 909 239 rara
926 169 1031 242 nau
1049 169 1237 239 scarrra
1251 169 1536 270 marianna*
1816 117 1818 121 ⁸
2021 278 2025 285 ¹
2119 169 2187 245 raa

171 380 250 431 esee
272 357 479 446 impossibiie
501 360 590 444 apud
611 357 729 426 Deum.
774 359 859 424 Nam
889 381 963 425 cum
993 358 1152 426 animales
1203 361 1323 427 Nonne
1344 363 1476 442 videtis,
1508 364 1586 448 quia
1606 383 1682 428 cum
1703 361 1789 429 baec
1809 363 1941 445 dicatis,
1973 366 2085 433 atatim
2106 386 2186 436 cum
2214 324 2218 331 Ι

56 528 60 533 ,
171 459 298 527 esseut,
317 458 354 512 ut
375 447 421 511 ait
442 443 580 525 Paulus,
602 444 787 531 spiritualia
797 441 982 532 intelligere
1004 467 1072 511 non
1094 467 1152 530 po·
1203 449 1269 514 ista
1290 469 1388 528 voce,
1408 451 1601 536 arrogantia
1617 470 1739 538 magna
1760 449 1990 538 significaturi

170 545 291 601 terent.
359 531 429 597 Sed
460 528 596 597 fatuitas
630 533 791 618 quaedam
817 543 885 597 tam
907 552 1065 620 magnum
1088 533 1153 597 sibi

170 621 302 687 videtur
324 618 530 706 mysterium,
551 617 613 683 sed
635 638 698 682 nos
721 638 1014 704 magnumquaeso
1037 639 1152 703 apec-

170 707 255 772 catis
277 699 627 811 eliorumuproi'ectum
649 701 822 808 iaciamus,
852 715 886 769 ct
907 704 1152 808 tinuamiidem
1348 765 1357 772 .
1563 737 1614 805 Et
1644 737 1823 806 Deinde·

170 788 1152 963 qqysyseprqll:qlbqqunnthssmnqqqqqrqgtqquqmapylyqqygqs
1288 873 1396 940 Amen
1429 894 1526 940 amen
1559 875 1635 941 dico
1667 877 1783 956 vobis,
1817 877 1881 942 ulai
1902 879 2183 945 manducaveritis

170 985 255 1030 mus.
321 964 488 1029 ludaicum
509 963 597 1027 enim
618 959 683 1025 boc
704 965 844 1027 verbum
866 974 993 1039 est,'et
1015 963 1151 1027 extremi
1203 981 1338 1027 carnem
1371 957 1429 1024 lilii
1462 962 1617 1040 hominis,
1652 975 1685 1027 et
1708 964 1857 1028 biberitis
1879 964 1952 1034 eius
1973 967 2185 1052 sanguinem,

170 1047 323 1136 supplicii
346 1069 459 1114 causa.
515 1047 595 1112 ldeo
625 1047 828 1115 Nicodemus
851 1049 947 1113 etiem
966 1070 1041 1114 cum
1064 1049 1152 1114 dice·
1202 1046 1457 1115 nonhabebitis
1479 1049 1578 1114 vitem
1600 1049 1634 1113 iu
1657 1050 1752 1114 vobis
1776 1062 1840 1115 etc.

171 1150 235 1216 ret,
268 1135 436 1222 quomodo
469 1134 555 1200 haec
578 1132 649 1197 lieri
672 1134 834 1219 possunt?
866 1135 983 1198 merito
1009 1135 1150 1198 audivit:

170 1221 222 1289 Tu
244 1241 282 1288 cs
304 1221 466 1307 Magister
488 1221 521 1284 in
543 1215 660 1299 lsrael,
694 1231 727 1285 et
748 1220 833 1285 haec
855 1220 1017 1306 ignoras?
1061 1217 1152 1284 Alio·
1288 1219 1483 1285 Misericors
1516 1230 1608 1284 certe
1639 1240 1683 1285 ac
1715 1221 1802 1286 mitis
1831 1218 1988 1287 Christus
2009 1233 2074 1302 est,
2104 1232 2143 1287 ut
2163 1243 2188 1290 a

172 1329 245 1373 rum
266 1309 384 1394 igitur,
415 1318 452 1372 ut
475 1305 635 1385 diximus,
659 1303 760 1390 culpa
787 1307 936 1390 perdocti
959 1328 1033 1372 cum
1056 1304 1151 1370 Deus
1204 1307 1306 1372 rebus
1328 1307 1411 1391 ipsis
1432 1306 1546 1370 videre
1568 1303 1657 1384 licet,
1680 1326 1746 1370 non
1770 1307 1856 1372 enim
1875 1309 2185 1393 aspercadcrude-

170 1405 337 1478 operetur,
360 1413 427 1460 non
445 1411 644 1477 quaeramus
667 1393 852 1478 quomodo,
885 1391 945 1455 sed
968 1393 1079 1477 operis
1101 1391 1153 1456 sui
1203 1389 1328 1457 litatem
1350 1412 1465 1456 eorum
1486 1392 1671 1474 respondit,
1693 1412 1757 1456 nec
1779 1390 1848 1457 ullo
1871 1394 1971 1457 modo
2000 1380 2187 1474 etintendit,

172 1481 259 1546 viem
292 1492 392 1565 etque
413 1478 586 1542 scientiam
608 1475 656 1542 1111
683 1475 747 1542 soli
770 1477 1004 1542 concedamus.
1067 1476 1153 1543 Nam
1203 1479 1265 1544 sed
1287 1476 1509 1543 vivificantem
1529 1477 1628 1544 huius
1650 1481 1799 1564 mysterii
1821 1480 2043 1565 coguitionem
2065 1482 2187 1546 iterum

174 1566 466 1653 quemadmodum,
499 1566 650 1649 quemvis
675 1561 786 1628 nullus
809 1564 901 1629 novit
922 1565 1078 1648 quidnam
1100 1582 1152 1627 se·
1203 1579 1305 1651 atque
1332 1565 1450 1629 iterum
1478 1565 1510 1627 in
1533 1564 1698 1629 mentibus
1720 1583 1834 1630 eorum
1856 1566 2042 1649 imprimere
2058 1566 2187 1646 studet,

173 1654 317 1719 cundum
349 1663 500 1715 naturam
532 1648 627 1714 Deus
649 1651 708 1728 sit,
742 1648 938 1714 iustificetur
960 1661 1069 1715 tamen
1091 1670 1153 1734 per
1204 1662 1237 1715 et
1259 1650 1427 1735 quomodo
1451 1651 1582 1735 quidem
1606 1670 1740 1716 caruem
1762 1671 1857 1716 suam
1878 1651 1971 1716 dabit
1992 1653 2035 1716 ad
2047 1653 2185 1718 mandu-

172 1737 286 1816 fidem,
309 1757 384 1803 cum
408 1738 522 1802 credat
543 1737 689 1821 praemia
710 1732 802 1800 illum
824 1737 1028 1801 redditurum
1051 1756 1151 1822 quae·
1203 1738 1359 1816 candum,
1382 1755 1447 1800 non
1471 1737 1581 1814 docet,
1603 1737 1682 1822 quia
1703 1733 1889 1822 intelligere
1912 1734 1956 1802 illi
1984 1757 2052 1802 non
2069 1750 2187 1823 potue·

171 1826 321 1889 rentibus
344 1842 431 1902 eum,
454 1822 504 1886 sic
525 1832 559 1885 et
580 1842 602 1887 o
626 1842 719 1888 erum
742 1823 813 1887 eius
824 1823 985 1887 rationem
1007 1822 1151 1908 ignoret,
1203 1835 1289 1887 runt.
1356 1820 1463 1895 Quem
1485 1842 1606 1908 magne
1627 1842 1708 1887 vero
1731 1824 1839 1902 bona,
1861 1825 1891 1887 si
1913 1844 1989 1889 cum
2006 1821 2073 1888 fide
2094 1845 2187 1889 uren·

171 1931 247 1976 cum
268 1921 377 1974 tamen
400 1907 607 1973 lideomuia‘
638 1930 691 1972 um
713 1906 815 1991 posse
833 1928 900 1972 nen
922 1908 1061 1985 dubitet,
1083 1927 1152 1972 non
1203 1909 1383 1987 ducebant,
1405 1908 1640 1991 adipiscentur.
1663 1907 1699 1975 ld
1720 1908 1837 1974 iterum
1858 1920 1958 1994 utque
1978 1910 2188 1994 iterumape·

42 2020 47 2031 .
171 1995 413 2061 contemnende
433 1994 610 2080 probitatis
632 1992 730 2059 huius
752 1996 898 2080 praemia
916 2006 1152 2080 consequetur,
1202 1996 1256 2072 rit,
1272 2007 1308 2059 ut
1329 2006 1487 2060 aeternae
1508 1993 1784 2060 desiderio·vitee
1806 1995 1849 2059 ad
1867 1993 1966 2061 fidem
1981 1993 2186 2079 compellan-

170 2085 217 2147 ita
238 2078 389 2166 profecto
412 2099 476 2147 nos
496 2073 587 2143 allici
604 2101 666 2165 per
686 2079 888 2165 Prophetam
909 2078 1060 2157 Esaiam,
1081 2078 1152 2143 Do·
1203 2094 1268 2160 tur,
1291 2100 1353 2167 per
1374 2101 1474 2167 quam
1495 2082 1594 2145 etiam
1616 2081 1730 2145 doceri
1757 2077 1890 2147 facilius
1913 2091 2080 2166 poterunt.
2125 2081 2187 2148 Sic

171 2170 297 2233 minusi
323 2188 361 2232 se
372 2165 535 2244 bortatur,
546 2185 612 2230 non
624 2167 710 2231 enim
721 2163 1024 2231 suntconsiliamea
1035 2167 1150 2251 inquit,
1203 2167 1289 2232 enirn
1311 2165 1430 2231 Esaias
1453 2166 1544 2246 dixit,
1566 2166 1595 2233 si
1618 2167 1715 2242 enim,
1737 2166 1853 2252 inquit,
1874 2186 1941 2232 uon
1965 2167 2186 2246 credideritis,

168 2267 205 2320 ut
216 2191 355 2320 consilia
375 2262 507 2329 vestra,
524 2271 589 2316 nec
602 2252 696 2318 ‘sicut
715 2253 792 2316 viae
815 2265 949 2319 vestrae
966 2253 1040 2317 riae
1058 2271 1152 2317 meae
1201 2274 1266 2318 nec
1287 2251 1490 2338 intelligetis.
1536 2251 1722 2335 Oportebat
1743 2253 1844 2338 igitur
1864 2251 1942 2318 fidei
1970 2255 2110 2338 primunr
2131 2273 2186 2319 ra·

168 2351 258 2420 sunt,
271 2340 349 2404 dicit
359 2336 609 2414 Dominus,Sed
622 2333 1151 2417 sicutexaltaturcoelumeterra,
1204 2341 1297 2404 dices
1332 2340 1364 2403 in
1395 2340 1505 2403 animo
1535 2338 1656 2417 iecere,
1689 2338 1810 2403 deinde
1831 2336 1889 2403 illa
1911 2359 2073 2425 quaerere
2095 2358 2188 2425 quae

169 2428 218 2491 sic
235 2423 379 2490 exaltata
388 2433 486 2488 esunt
497 2422 572 2487 viae
583 2424 782 2490 meaeeviis
791 2425 923 2502 vestris,
934 2433 968 2487 et
979 2424 1152 2509 cogitatio·
1202 2422 1326 2490 homini
1349 2425 1541 2509 quaerenda
1557 2435 1645 2489 sunt.
1699 2422 1752 2489 llli
1774 2444 1853 2489 vero
1875 2438 2051 2511 antequem
2068 2425 2187 2492 crede·

168 2532 230 2576 nes
251 2530 347 2576 meae
367 2509 800 2595 aeogtrattonibusvasrrts‚
819 2507 882 2582 Qui
899 2511 1151 2594 autemsapien·
1202 2522 1285 2588 rent,
1318 2512 1504 2595 importune
1526 2512 1748 2594 quaerebant:
1801 2509 1875 2576 llac
1895 2511 1994 2597 igitur
2015 2512 2057 2576 de
2078 2531 2188 2578 eausa

168 2599 215 2664 tie
236 2608 268 2662 et
285 2597 408 2662 virtute
429 2596 516 2659 adeo
538 2591 687 2674 excellit,
720 2595 887 2682 quomodo
909 2614 977 2659 non
999 2596 1151 2679 operabl-
1202 2596 1384 2674 Dominus,
1419 2596 1587 2682 quomodo
1610 2597 1636 2659 it
1660 2594 1733 2660 fieri
1760 2597 1886 2680 possit,
1918 2617 1986 2663 non
2012 2597 2188 2677 enodavit,

168 2694 223 2750 tur
243 2684 289 2748 ita
312 2678 530 2759 miraculose,
562 2691 599 2746 ut
628 2701 767 2766 operum
793 2700 932 2745 suorum
954 2682 1039 2745 ratio
1062 2701 1151 2746 men·
1202 2682 1267 2747 sed·
1286 2681 1352 2747 lide
1369 2683 1401 2746 id
1424 2681 1649 2830 quaerendum
1682 2680 1853 2759 bortatur,
1886 2682 1937 2747 sic
1969 2683 2187 2749 credentibus

168 2781 234 2835 tem
256 2779 406 2833 nostram
428 2765 586 2851 effugiat?
624 2766 744 2832 Nonne
766 2768 873 2845 vides,
895 2767 975 2853 quid
997 2787 1080 2851 sepe
1093 2789 1151 2832 nu·
1201 2767 1392 2853 discipulis,
1440 2770 1613 2833 ramenta
1634 2767 1731 2854 panis
1751 2767 1839 2832 dedit
1862 2768 1995 2835 diceust
2028 2767 2187 2855 Accipite

166 2876 260 2921 mero
282 2853 467 2920 mechanici
489 2854 638 2920 iaciunt?
681 2850 889 2918 incredibilia
914 2853 1069 2918 videntur
1090 2873 1150 2917 no·
1201 2866 1235 2918 et
1256 2855 1464 2932 manducate,
1479 2789 1549 2918 {aa
1571 2868 1624 2919 est
1647 2874 1769 2938 corpus
1790 2875 1910 2919 meum.
1954 2851 2103 2920 Calicem
2124 2857 2186 2920 eti·

167 2942 220 3006 bis
240 2960 478 3025 nonnunquam
499 2958 668 3020 enarrare,
690 2941 752 3004 sed
774 2952 902 3018 tamen,
931 2941 1009 3024 quie
1030 2939 1150 3004 similia
1200 2961 1254 3006 em
1293 2938 1441 3005 similiter
1480 2937 1680 3005 circumtulit
1718 2941 1858 3005 diceust
1896 2939 2007 3006 Bibite
2040 2960 2083 3006 ex
2114 2938 2185 3006 boc

167 3030 261 3114 ipsos
284 3023 407 3091 iecisse
427 3026 583 3105 vidimus,
604 3044 709 3109 posse
729 3026 846 3112 peragi
868 3027 911 3091 ab
940 3025 1024 3109 ipsis
1050 3024 1149 3092 iacile
1200 3045 1329 3105 omncs,
1350 3026 1404 3090 hic
1426 3035 1479 3090 est
1499 3023 1585 3089 calix
1606 3027 1779 3113 sanguinis
1800 3026 1876 3104 mei,
1910 3026 1966 3112 qui
1986 3046 2049 3111 pro
2070 3024 2184 3093 multis

168 3113 344 3181 credimus.
391 3110 568 3185 Quomodo
591 3111 692 3198 igitur
713 3116 850 3179 summis
878 3112 1079 3176 cruciatibus
1102 3112 1148 3175 di·
1200 3111 1388 3177 effundetur
1408 3113 1443 3174 in
1465 3112 1696 3175 remissionem
1720 3122 1945 3196 peecatorum.
1999 3111 2183 3198 Perspicis,

215 3199 225 3262 i
247 3217 314 3262 nou
336 3208 449 3276 eraut,
481 3197 537 3284 qui
560 3216 669 3262 rerum
691 3199 835 3263 omnium
863 3196 1014 3282 opificem
1037 3197 1147 3262 Deum
1199 3199 1277 3284 quie
1297 3199 1372 3262 sine
1394 3195 1459 3261 fide
1479 3198 1715 3283 quaerentibus
1738 3197 1888 3284 mysterii
1910 3198 2042 3264 modum
2056 3217 2182 3284 nequa·

167 3219 214 3351 qna
236 3294 468 3363 contemnunt,
489 3293 541 3360 ut,
563 3281 751 3364 Quomodo,
772 3285 806 3349 in
824 3284 983 3368 operibus
1004 3284 1075 3348 suis
1101 3284 1148 3348 di·
1199 3304 1297 3370 quam
1310 3280 1510 3370 explanavit,
1535 3283 1749 3349 credentibus
1760 3296 1869 3349 autem
1880 3283 1981 3348 etiam
1998 3303 2065 3350 non
2078 3304 2180 3370 quee-

77 3431 80 3434 .
168 3390 246 3436 cere
278 3370 443 3437 audeaut?
476 3388 574 3455 quem
607 3371 711 3435 totius
742 3369 924 3455 sapientiae
956 3366 1147 3454 largitorem
1199 3371 1348 3435 rentibus
1372 3371 1535 3454 exposuit.
1601 3371 1748 3434 Audiaut
1769 3370 1854 3435 baec
1876 3371 1934 3455 qui
1954 3390 1998 3435 ex
2020 3389 2182 3457 arrogan-

167 3476 245 3522 esse
277 3476 345 3521 non
375 3457 547 3542 ignorent,
581 3474 679 3541 quem
710 3457 822 3520 omnia
853 3473 959 3540 posse
978 3456 1146 3539 scripture
1199 3456 1246 3520 tia
1279 3456 1424 3522 nondum
1457 3453 1584 3520 Christi
1605 3455 1716 3520 ¹iidem
1748 3457 1922 3540 suscipere
1953 3452 2084 3534 volunt,
2116 3455 2183 3521 nisi

168 3562 231 3608 nos
254 3542 377 3608 docuit.
422 3541 459 3607 Si
481 3561 565 3606 vero
586 3553 625 3607 tu
646 3560 667 3604 o
689 3539 822 3618 iudaee,
845 3541 1025 3627 quomedo,
1048 3541 1147 3604 etiam
1199 3541 1492 3619 ntenduoeveritis,
1514 3542 1628 3625 inquit,
1646 3561 1782 3606 earnem
1803 3539 1861 3606 lilii
1883 3538 2045 3620 bominis,
2076 3551 2113 3607 et
2133 3543 2181 3607 bi·

167 3648 256 3695 nuuc
292 3624 429 3705 clamas,
462 3625 550 3692 hano
577 3638 670 3692 tuam
701 3628 895 3712 imperitiam
921 3646 987 3712 ego
1015 3646 1148 3712 quoque
1199 3628 1314 3693 baritis
1337 3627 1410 3693 eius
1432 3628 1640 3714 sanguinem,
1663 3637 1731 3693 non
1753 3627 1919 3692 babebitis
1940 3627 2042 3713 vitam
2064 3628 2098 3691 iu
2120 3647 2181 3694 vo·
2215 3666 2225 3681 ι

166 3724 317 3793 secutus,
347 3710 490 3776 libenter
512 3714 678 3798 quomodo
704 3734 746 3779 ex
767 3715 924 3800 Aegypto
942 3712 1072 3776 exivisti
1096 3733 1148 3776 ro·
1198 3714 1262 3779 bis.
1306 3713 1382 3779 Non
1405 3714 1491 3778 enim
1510 3724 1652 3797 possunt
1674 3733 1749 3778 cum
1772 3711 2037 3778 sanctificatione
2061 3716 2182 3780 beatae

167 3801 269 3888 gabo,
302 3799 470 3884 quomodo
492 3797 525 3860 in
558 3809 746 3882 serpentem
776 3797 929 3865 lllosaica
960 3795 1022 3863 suit
1053 3797 1149 3884 virga
1198 3801 1286 3865 vitae
1308 3797 1379 3864 lieri
1400 3800 1593 3885 participes,
1614 3800 1670 3884 qul
1692 3817 1753 3882 per
1780 3801 1955 3884 mysticam
1978 3799 2181 3864 benedictio·
2306 3808 2308 3814 ’

168 3904 352 3963 converse,
384 3883 553 3969 quomodo
570 3882 665 3970 lepra
686 3905 804 3950 manus
826 3884 957 3963 affecta,
990 3903 1057 3949 uno
1079 3905 1147 3949 mo·
1198 3906 1275 3951 nem
1307 3884 1417 3951 lesum
1437 3904 1505 3949 non
1527 3894 1767 3968 susceperunt,
1799 3886 1867 3950 vita
1889 3886 1976 3950 enim
1995 3886 2181 3951 secundum

91 4045 95 4052 ,
167 3982 279 4036 mento
297 3970 456 4055 temporis
479 3970 513 4034 in
535 3970 710 4054 pristinum
722 3983 844 4036 statum
860 3972 1010 4035 restituta
1031 3972 1148 4034 iterum
1198 3984 1349 4037 naturam
1371 3969 1428 4036 ille
1450 3981 1513 4048 est,
1535 3971 1651 4056 quiex
1670 3971 1747 4034 vivo
1769 3982 1863 4055 petre
1879 3974 2011 4057 genitus
2029 3981 2094 4051 est,
2116 3972 2182 4037 sed

132 4127 137 4135 ,
166 4053 251 4124 fuiti
273 4057 441 4143 quomodo
459 4054 493 4119 in
515 4068 666 4120 naturam
687 4058 860 4143 sanguinis
883 4076 991 4143 aquae
1008 4056 1148 4121 trausie·
1198 4078 1266 4123 non
1299 4058 1406 4122 minua
1440 4075 1563 4141 corpus
1591 4075 1726 4142 quoque
1747 4078 1846 4121 suum
1866 4056 2025 4124 vivificat.
2090 4055 2181 4124 Gou-

167 4138 265 4208 ¹ruut‘i
286 4143 454 4228 quomodo
476 4152 590 4227 patres
613 4142 658 4207 tui
682 4161 742 4224 per
765 4143 872 4207 media
900 4143 1002 4207 maria
1030 4154 1066 4207 ut
1087 4161 1147 4224 prr
1199 4145 1345 4209 iunctum
1367 4143 1454 4208 enim
1476 4139 1684 4207 ineffabiliter
1706 4152 1761 4213 est,
1779 4140 1849 4207 filio
1872 4141 1953 4222 Dei,
1980 4164 2002 4209 a
2019 4162 2087 4230 quc
2108 4143 2181 4208 uui·

157 4229 292 4305 ,aridam
314 4226 523 4314 effugerunt?
544 4227 712 4313 quomodo
734 4248 796 4312 per
815 4224 941 4314 lignum
963 4227 1147 4292 amaritudo
1198 4248 1298 4294 versa
1320 4227 1540 4308 vivificentur,
1562 4228 1596 4292 id
1614 4229 1705 4292 circo
1728 4247 1852 4313 corpus
1874 4246 1971 4294 suum
1993 4230 2123 4308 dicitur,
2143 4239 2179 4293 et

167 4334 329 4400 aquarum
350 4314 384 4378 in
407 4310 615 4379 dulcedinem
638 4313 774 4393 recidit,
806 4313 973 4399 quomado
996 4332 1015 4377 e
1037 4309 1148 4398 lapide
1198 4335 1284 4380 auus
1307 4335 1382 4380 cum
1404 4335 1445 4378 eo
1468 4325 1531 4380 est.
1574 4313 1702 4399 Nempe
1723 4327 1801 4398 post
1817 4315 2080 4381 incarnationem
2091 4323 2180 4380 unus

166 4397 277 4466 tontes
299 4421 460 4485 equarum
482 4400 651 4466 lluebanti
673 4399 838 4484 quomodo
861 4401 952 4464 stetit
974 4398 1148 4467 lordeuisli
1198 4410 1263 4478 est,
1286 4412 1320 4467 et
1340 4421 1427 4466 artus
1449 4408 1560 4464 manet
1579 4400 1710 4485 absque
1730 4400 1894 4467 divisione
1915 4397 2002 4480 ulla,
2029 4412 2181 4483 praeter·

190 4487 341 4551 uomodo·
356 4482 432 4550 solo
455 4483 602 4550 elamore
624 4482 888 4572 inexpugnabilis
911 4485 1038 4550 iericho
1062 4488 1146 4550 ceei-
1198 4507 1296 4572 quam
1318 4488 1408 4573 quod
1430 4484 1494 4551 llei
1515 4486 1620 4571 patris
1642 4487 1778 4551 verbum
1801 4497 1835 4551 et
1855 4498 1923 4552 tem
1946 4483 2013 4551 lum
2034 4505 2056 4549 a
2078 4486 2180 4573 virgi·

167 4507 236 4636 litt
300 4569 553 4636 innumerabilia
574 4582 669 4647 sunt,
701 4573 736 4636 in
758 4573 878 4657 quibus
900 4572 942 4650 si,
965 4573 1144 4657 quomodo,
1197 4593 1240 4638 ne
1262 4585 1438 4658 sumptum,
1459 4575 1546 4638 idem
1568 4582 1764 4637 naturanon
1787 4583 1875 4640 sunt.
1918 4509 1994 4637 Koa
2016 4571 2104 4635 enim
2126 4582 2179 4637 est

168 4659 312 4742 quaeris,
336 4659 525 4722 universam
547 4670 700 4722 evertere
723 4659 780 4722 tibi
803 4658 1001 4741 scripturam
1029 4676 1145 4722 neces·
1197 4658 1346 4723 eiusdem
1377 4660 1585 4723 substantiae
1619 4659 1722 4721 verbo
1755 4656 1821 4722 Dei
1843 4656 1943 4723 bomo
1972 4668 2177 4741 assumptus,

168 4762 208 4809 se
230 4744 302 4818 erit,
325 4741 566 4826 Prophetarum
579 4743 761 4808 doctrinam
783 4755 819 4808 et
840 4745 944 4828 ipsius
957 4741 1044 4806 blasi
1062 4744 1145 4808 scri·
1195 4764 1282 4809 unus
1316 4755 1425 4808 temen
1460 4765 1535 4810 cum
1569 4739 1627 4806 illo
1660 4754 1714 4807 est
1743 4745 1975 4809 coniunctione
2007 4739 2175 4810 ineffabili.

167 4840 225 4915 pte
247 4831 477 4893 contemnenti.
532 4827 644 4902 Quare
665 4829 849 4894 credidisse
871 4829 1006 4894 Christo
1032 4829 1145 4913 potius
1196 4830 1358 4904 Quoniam
1390 4830 1490 4915 igitur
1521 4826 1702 4893 salvatoris
1735 4851 1815 4894 caro
1848 4830 1952 4895 verbo
1974 4827 2053 4907 Dei,
2086 4828 2178 4914 quod

167 4933 230 4979 vos
253 4913 418 4996 oportuit?
439 4926 473 4980 et
495 4915 524 4980 si
547 4917 624 5000 quid
647 4917 786 4980 arduum
807 4916 994 4991 videbatur,
1026 4917 1070 4979 ab
1103 4935 1144 4980 eo
1195 4914 1390 4980 naturaliter
1414 4917 1481 4980 rita
1503 4926 1567 4989 est,
1600 4915 1789 4994 coniuncta,
1819 4913 1952 4981 virifica
1971 4913 2090 4980 allecta
2110 4924 2175 4991 est,

168 4997 333 5064 humiliter
353 5010 477 5085 petere,
499 4998 702 5088 quamvclut
718 4998 927 5066 itemulentos
940 5001 1143 5065 exclamaret
1195 5003 1327 5085 quando
1350 5021 1422 5066 eam
1445 5002 1659 5077 comedimus,
1678 5001 2040 5078 tuncvitambabemus
2062 5000 2094 5064 in
2117 5019 2177 5063 no·

168 5085 336 5170 quomoda
373 5096 485 5169 potest
520 5086 576 5151 hic
607 5088 703 5153 uobis
736 5106 832 5153 auam
865 5106 999 5155 carnem
1040 5087 1145 5152 darei
1197 5088 1261 5165 bis,
1282 5085 1331 5152 illi
1354 5088 1534 5167 coniuncti,
1557 5105 1645 5172 quae
1667 5088 1735 5153 vita
1757 5084 1879 5153 edecta
1906 5099 1970 5154 est.
2035 5082 2112 5153 Hac
2133 5085 2178 5152 de
