4628 5588
137 152 219 235 na,
704 98 711 119 ⁹
769 155 883 224 rau.
904 156 1009 223 nau.
1031 157 1221 247 sonum
1240 161 1519 234 nonnanes.

147 344 242 423 otta,
273 344 374 429 idone
408 355 545 494 portes
573 345 658 409 duaa
682 362 806 436 aruer.
824 345 1012 431 rumine·
1055 345 1126 411 ra-
1179 366 1183 372 ·
1309 468 1314 481 .
1363 360 1444 445 DE
1473 359 1643 447 BOMS
1674 360 1956 453 OPERIBUS.

146 451 246 509 muru,
267 440 304 496 nt
326 432 360 494 in
383 428 411 496 C
436 431 552 495 ristum
568 428 786 495 Mediatorem
807 427 1027 496 transferatur
1048 451 1125 497 oau-

146 534 186 580 sa
205 513 367 595 beneficii,
388 512 455 580 hoc
476 508 556 593 ost,
575 528 611 579 ut
633 512 857 600 intelligamus
879 518 977 582 nobis
995 516 1125 602 ignosci
1683 554 1687 564 ·

145 621 213 667 oon
236 621 297 685 pro
321 614 373 666 ter
393 612 543 667 nostram
565 601 766 687 dignitatem,
788 603 850 666 sed
871 614 1007 688 propter
1029 600 1124 667 Chri·
1262 591 1434 661 Hootenus
1467 596 1510 661 do
1530 595 1766 664 luslilimtione
1792 611 1828 666 et
1847 599 1929 666 Fide
1945 601 2069 667 dietum
2090 616 2155 669 est.

102 697 108 709 ⁸
144 698 241 754 stum·
314 680 456 767 ῥοπᾶς
471 697 507 751 ut
529 685 726 752 beneficium
748 687 792 752 sit
814 701 952 753 ceptum,
981 687 1016 754 Si
1037 690 1124 752 enim
1176 676 1355 745 lncboatur
1397 692 1506 745 aulem
1550 682 1582 744 ln
1615 684 1802 749 lustllloollo
1834 704 1923 751 novo
1955 688 2155 755 obetllootlo·
2250 750 2256 765 ,

144 774 305 857 penderet
327 793 369 839 ex
392 774 579 838 conditione
601 772 770 923 diffinitatis
792 783 939 852 nostrae,
959 773 1055 855 lieret
1075 774 1130 838 in·.
1176 763 1254 829 ideo
1278 765 1437 831 tradendo
1459 776 1511 831 eol
1533 767 1684 832 (ἶοοῑιὶιιιι
1706 770 1747 833 de
1764 770 1901 836 Boniso
1924 773 2048 837 eribus.
2076 774 2157 840 Tria

145 868 283 924 certum.
316 861 349 925 Si
373 859 578 925 conscientia
598 859 632 923 iu
655 863 769 936 maret,
791 858 838 923 ita
859 860 956 924 uobis
969 859 1123 1009 :fomis
1175 862 1284 914 autom
1297 851 1554 935 quaeruntur&
1567 854 1852 938 b⁰nl⁸⁰t>0flbtlsa
1915 859 2044 939 fimum,
2066 879 2154 946 quoe

91 940 98 962 ¹
143 955 221 1030 poet
245 965 322 1009 uam
343 947 427 1011 satis
448 965 603 1029 magnam
626 945 868 1024 contritionem,
890 957 947 1010 aut
1004 946 1036 1009 ie
1057 965 1123 1009 me·
1175 955 1277 1019 opera
1298 936 1518 1020 postulentur·
1550 941 1748 1019 Secundum,
1767 944 1935 1027 q¹1⁰m⁰d⁰
1956 941 2014 1009 illo
2035 945 2155 1031 imper·

39 1020 46 1031 '
143 1031 207 1094 rita
275 1032 429 1109 beamus,
462 1050 603 1115 prorsus
636 1030 830 1115 adigeretur
854 1031 898 1094 ad
920 1031 1122 1114 desperatio·
1175 1020 1265 1087 secta
1298 1025 1487 1089 obedientia
1518 1021 1651 1109 placeat
1682 1025 1770 1092 Deo.
1821 1027 1952 1109 Tertio,
1984 1033 2153 1118 quomodo¹

144 1134 239 1193 nem,
274 1127 307 1180 et
337 1115 430 1182 fieret
461 1118 625 1181 incertum
647 1114 842 1180 beneficium
865 1118 1067 1198 promissum
1088 1117 1123 1180 iu
1173 1111 1341 1174 omittatur
1362 1112 1480 1196 matie·

143 1199 338 1286 Evangelio.
370 1200 424 1267 De
446 1201 499 1265 his
522 1202 652 1266 duabus
674 1203 787 1266 causis
808 1203 949 1266 maxime
966 1202 1123 1267 admonet

143 1305 207 1349 nos
228 1287 392 1371 particula
414 1285 588 1352 GRATIS.
617 1285 699 1352 Cum
722 1284 788 1350 hoc
808 1288 907 1351 :nodo
929 1284 1122 1373 intelligitur

113 1444 118 1455 ,
143 1368 330 1444 exclusiva,
364 1371 402 1437 lit
424 1371 554 1437 dulcior
575 1372 805 1450 conscientiis,
839 1384 873 1436 et
894 1385 1032 1456 apparet
1054 1391 1121 1435 uon

134 1454 215 1548 'tolli
231 1458 472 1522 contritionem.
518 1457 660 1542 Oportet
681 1457 768 1520 enim
789 1452 935 1542 aliquam
954 1459 1122 1522 contritio·
1441 1455 1557 1560 Quae
1602 1460 1885 1569 requjmntur?

142 1561 231 1620 nem,
251 1543 283 1606 id
307 1554 371 1622 est,
393 1561 537 1628 pavores
557 1554 590 1606 et
611 1552 772 1620 terroreS,
794 1543 937 1606 existere
955 1544 988 1606 in
1011 1544 1121 1619 nobis,

142 1624 217 1691 cudi
241 1629 457 1713 agnoscimus
480 1629 562 1691 iram
579 1624 642 1691 Dei
665 1628 830 1691 adversus
851 1639 1035 1713 peccatum,
1058 1630 1121 1691 sie·

141 1723 179 1777 ut
195 1714 300 1797 inquit
321 1713 457 1785 Esaias:
482 1711 547 1776 Ubi
568 1710 729 1777 habitabit
750 1711 938 1781 Dominus?
969 1713 1006 1778 ln
1028 1714 1121 1798 spiri·
1258 1704 1484 1791 Requiruntur
1506 1727 1609 1792 opera
1629 1704 1705 1795 lege
1717 1707 1782 1774 Dei
1793 1724 1983 1796 praecepta,
2000 1732 2069 1776 non
2079 1722 2150 1777 tan·
2262 1688 2265 1693 ⁵

143 1810 179 1862 tu
201 1797 344 1885 contrito
367 1809 431 1863 eto.
486 1796 529 1861 Et
551 1818 626 1861 cum
649 1796 733 1862 fides
755 1799 798 1862 sit
819 1797 998 1864 vivificatio
1021 1818 1120 1884 quae·
1172 1801 1243 1855 turn
1264 1803 1415 1871 externa,
1438 1794 1500 1857 sed
1522 1795 1620 1858 etiam
1637 1795 1812 1859 interiores
1835 1808 1953 1861 motus.
1997 1798 2149 1864 Necesse
2202 1854 2204 1860 .
2250 1870 2256 1879 ,
2289 1798 2295 1807 ’

104 1954 112 1965 ,
143 1883 230 1962 dam,
262 1903 403 1948 necesse
436 1894 487 1947 est
520 1885 662 1948 existere
684 1894 841 1959 terrores,
874 1886 907 1949 in
930 1885 1049 1971 quibus
1066 1904 1121 1948 su·
1173 1887 1225 1941 est
1257 1880 1342 1943 enim
1363 1878 1489 1965 Legem
1521 1881 1553 1943 in
1582 1883 1680 1945 nobis
1703 1881 1865 1961 inchoari,
1888 1885 1974 1946 sicot
1995 1881 2165 1949 Christus·

142 1978 327 2034 stentamus
365 1980 399 2033 et
443 1965 657 2033 corrsolamur
701 1988 765 2032 nos
809 1968 1005 2055 Evangelio.
1078 1967 1122 2035 Et
1172 1964 1234 2026 ait:
1267 1963 1341 2028 Nisi
1363 1966 1581 2030 abundaverit
1602 1966 1726 2031 iustitia
1749 1980 1860 2032 vestra
1881 1980 1946 2033 etc.
1991 1969 2089 2048 ltam,
2111 1969 2150 2035 Si

142 2074 330 2140 quanquam
349 2056 503 2119 contritio
525 2055 599 2117 sine
632 2053 696 2117 lide
730 2055 885 2119 damnate
906 2070 977 2133 est,
1009 2067 1120 2121 tamen
1172 2049 1223 2111 vis
1245 2049 1374 2135 ingredi
1392 2051 1423 2114 in
1445 2051 1558 2130 vitam,
1580 2070 1678 2116 sorva
1699 2054 1865 2118 mandata.
1898 2053 1990 2140 Ergo
2012 2057 2149 2140 requiri·

13 2148 24 2159 ·
142 2150 318 2226 postquam
342 2141 485 2204 accessit
506 2138 603 2216 fides,
627 2138 663 2202 fit
687 2140 808 2202 bonum
832 2160 917 2223 opus
939 2151 971 2204 et
993 2140 1119 2204 sacrifi.
1172 2142 1226 2194 tur
1248 2137 1451 2213 obedientia,
1485 2157 1570 2220 quae
1592 2138 1643 2200 sic
1663 2137 1840 2202 inchoatur
1867 2140 1900 2202 iu
1928 2141 2043 2203 nobis:
2065 2138 2148 2205 Cum

43 2770 50 2779 ·
141 2738 186 2802 sit
206 2734 426 2815 universalis,
457 2746 495 2801 ut
523 2733 645 2822 singuli
666 2755 730 2801 nos
752 2738 786 2800 in
807 2739 1061 2822 promissionem
1082 2734 1120 2800 il·

144 2225 242 2303 epum,
265 2235 301 2289 ut
322 2236 443 2309 postea
465 2225 593 2289 dicetur
614 2224 657 2289 de,
678 2225 776 2290 bonis
799 2227 969 2309 operibus,
1172 2216 1257 2282 fides
1281 2220 1323 2285 ad
1346 2221 1575 2294 contritionem
1597 2225 1752 2301 accessit,
1777 2225 1841 2287 iam
1851 2236 2023 2306 peceatum
2036 2223 2148 2310 displi-

367 2374 374 2385 ·
743 2348 747 2357 .
913 2322 925 2343 ·
1172 2313 1236 2382 cet,
1259 2326 1332 2370 com
1355 2308 1504 2388 cupimus
1526 2304 1618 2383 Deo,
1649 2328 1746 2392 quem
1767 2311 1976 2394 agnovimus,
2001 2312 2147 2376 obedire.

134 2428 139 2449 .
229 2393 396 2471 Secundo,
429 2395 516 2459 sicut
537 2395 579 2458 de
600 2391 766 2477 particula
788 2393 902 2459 Gratis
923 2396 956 2469 in
979 2397 1120 2480 promis·
1171 2386 1219 2457 lta
1240 2393 1377 2474 primum
1391 2393 1573 2476 concipitur
1586 2395 1708 2456 bonum
1720 2396 1936 2478 propositum,
1959 2407 1995 2459 ut
2012 2409 2147 2462 vocant.

142 2480 239 2545 sione
249 2476 423 2565 Evangelii
440 2480 582 2543 necesse
603 2491 655 2542 est
672 2480 842 2559 admoneri
870 2481 1051 2559 auditores,
1072 2481 1119 2544 ita
1170 2472 1371 2541 lnchoantur
1393 2497 1474 2561 ergo
1496 2480 1560 2541 iam
1582 2479 1616 2541 in
1640 2481 1741 2543 corde
1765 2492 1874 2544 motus
1903 2484 2149 2547 consentientes

101 2628 103 2633 .
143 2576 176 2630 et
208 2562 289 2629 illud
321 2564 553 2631 inculcandum
586 2577 650 2643 est,
680 2567 770 2650 quod
802 2567 887 2630 sieut
913 2566 1118 2653 praedicatio
1170 2561 1253 2648 Legi
1265 2560 1340 2640 Del,
1364 2560 1470 2642 timor,
1493 2563 1626 2641 fiducia,
1648 2561 1781 2630 dilectio
1793 2564 1869 2644 Del,
1892 2568 2069 2642 ῑῦνθθᾶῑῑθ,
2113 2588 2149 2632 a·

141 2653 363 2736 poenitentiae
396 2662 449 2716 est
479 2648 690 2728 universalis,
712 2652 758 2714 ita
786 2672 919 2737 quoque
941 2652 1118 2737 promissio
1170 2648 1294 2726 tientia,
1317 2648 1451 2735 ueritas,
1474 2651 1624 2727 castitas,
1647 2646 1781 2714 dilectio
1803 2653 1956 2735 proximi,
1977 2672 2058 2717 cura
2105 2653 2148 2717 ei·

1194 2731 1330 2798 ublieae.
1376 2732 1454 2818 Hae
1481 2735 1619 2800 virtutes
1642 2730 1726 2800 fiunt
1746 2735 1873 2820 Spiritu
1894 2749 2012 2802 sancto
2034 2735 2149 2823 impel-

140 2818 208 2887 lam
229 2819 448 2900 lat-ludamus,
469 2841 533 2886 nec
556 2824 664 2886 excuti
686 2823 784 2886 nobis
803 2822 901 2887 iidem
913 2825 1061 2888 sinamus
1071 2824 1119 2887 io·
1170 2753 1260 2884 lente
1282 2819 1397 2899 eorda,
1418 2832 1453 2885 et
1474 2832 1641 2899 crescunt,
1665 2841 1739 2885 cum
1758 2840 1818 2886 eas
1830 2840 2038 2901 exercemus,
2060 2823 2150 2890 sicut

21 2982 27 2991 Ι
141 2910 338 2993 tempestive
365 2908 537 2972 accersitis
571 2908 849 2993 disputationibus
874 2909 914 2974 de
936 2909 1119 2994 praedesti·
1170 2906 1329 2988 scriptum
1351 2916 1417 2970 est:
1446 2905 1588 2970 llnbenti
1612 2906 1742 2971 dabitur
1765 2918 1829 2973 etc.
1873 2908 2071 2995 Quanquam
2090 2930 2148 2974 an·

140 2995 285 3071 nutione,
319 2994 380 3057 sed
414 2994 580 3057 ordiemur
612 3014 633 3057 a
665 2996 780 3072 verbo,
810 3005 844 3058 et
875 2996 1118 3059 meminerimus
1169 3000 1235 3054 tem
1257 2993 1289 3054 in
1313 2992 1437 3055 renatis
1459 2994 1547 3056 bona
1569 3012 1673 3076 opera
1695 3005 1772 3056 sunt
1790 3005 1899 3058 motus
1911 2994 2054 3079 Spiritus
2071 3015 2148 3059 san·

40 3131 44 3146 .
139 3079 395 3162 promissionem
417 3098 495 3142 esse
517 3078 752 3158 universalem,
774 3089 808 3143 et
830 3091 1015 3145 statuamus
1037 3098 1118 3144 vere
1169 3070 1226 3153 eti,
1249 3088 1357 3141 tamen
1381 3076 1524 3160 Spiritus
1547 3088 1687 3143 sanctus
1710 3091 1822 3144 movet
1843 3082 2082 3164 perverbum,
2115 3091 2149 3145 et

140 3161 199 3227 illa
232 3166 427 3248 contingere
448 3165 565 3242 nobis,
600 3164 740 3248 quaein
763 3167 868 3229 verbo
890 3167 1063 3251 proposita
1084 3176 1119 3229 et
1170 3173 1301 3246 oportet
1322 3182 1385 3227 nos
1408 3162 1533 3227 habere
1561 3165 1802 3243 testimonium,
1836 3184 1922 3250 quae
1953 3185 2056 3250 opera
2076 3163 2149 3250 pla·

16 3312 19 3317 .
162 3249 306 3313 romissa
326 3260 416 3327 sunt,
439 3247 621 3334 quiaDeus
643 3253 863 3331 perverbum
885 3271 980 3314 suum
999 3262 1049 3316 est
1071 3249 1117 3315 ef·
1169 3245 1365 3325 ceantDeo,
1382 3268 1425 3312 ne
1447 3249 1575 3333 decepti
1598 3248 1664 3313 alia
1687 3270 1788 3333 opera
1809 3250 2039 3334 suscipiamus.
2066 3250 2147 3316 ldeo

139 3271 237 3413 inex,
259 3337 343 3399 etin
365 3337 469 3399 verbo
482 3332 554 3399 vult
564 3336 780 3418 apprehendi,
790 3337 881 3400 iuxta
893 3334 990 3402 illud:
1008 3337 1117 3402 lirun·
1169 3353 1243 3396 cum
1262 3346 1416 3416 oporteat
1435 3354 1500 3397 nos
1522 3336 1594 3420 regi
1615 3336 1732 3413 verbo,
1749 3336 1872 3401 dietum
1893 3348 1945 3403 est
1956 3336 2148 3403 nominatim

139 3417 260 3506 getium
283 3433 337 3484 est
357 3421 504 3503 potentia
521 3417 598 3499 Dei,
619 3422 662 3485 ad
683 3419 825 3485 salutem
845 3423 933 3486 omni
956 3424 1116 3491 credenti.
1169 3415 1227 3483 illa
1259 3440 1361 3505 opera
1392 3418 1573 3503 postulari,
1607 3421 1747 3505 quaein
1769 3419 1945 3508 Deculogo
1966 3434 2147 3508 praecepta

1168 3514 1255 3568 sunt.
1289 3506 1361 3569 Etsi
1383 3508 1467 3570 enim
1490 3525 1557 3568 non
1580 3518 1632 3568 est
1653 3508 1764 3589 posita
1780 3505 1851 3570 Lex
1872 3510 1972 3585 iusto,
1995 3509 2086 3593 quod
2102 3507 2147 3572 ad

223 3590 337 3655 'lertio
358 3609 501 3656 necesse
518 3601 614 3655 estet
625 3589 691 3654 hoc
702 3592 820 3670 teneri,
832 3594 922 3676 quod
940 3613 1014 3656 curn
1027 3593 1117 3657 iusti·
1168 3591 1392 3655 accusandum
1414 3594 1541 3669 attinet,
1570 3603 1680 3656 tamen
1713 3603 1765 3655 est
1787 3592 1817 3655 ei
1841 3594 1960 3677 posita,
1982 3604 2146 3677 quatenus

138 3676 295 3754 licamur,
318 3680 478 3741 donamur
499 3677 624 3761 Spiritu
646 3691 783 3757 sancto,
816 3698 914 3763 quem
936 3679 983 3741 ita
1005 3679 1115 3743 conci·
1167 3678 1265 3742 docet
1297 3697 1393 3754 eum,
1432 3688 1465 3742 et
1497 3677 1633 3761 requirit
1664 3677 1883 3742 obedientiam
1915 3680 2005 3743 iuxta
2043 3675 2145 3744 illud:

137 3763 229 3845 piunt
251 3763 364 3840 corda,
389 3782 463 3826 cum
485 3764 621 3827 audiunt
637 3761 867 3850 Evangelium,
890 3774 922 3828 et
944 3764 973 3827 ei
995 3764 1115 3828 adsen·
1168 3762 1283 3825 (imnis
1306 3763 1472 3846 scriptura
1494 3762 1650 3826 divinitus
1672 3763 1843 3846 inspirata,
1864 3761 1950 3829 utilis
1968 3766 2145 3830 esteddo·

139 3848 274 3923 liuntur,
298 3866 339 3910 ac
361 3846 426 3910 fide
448 3868 486 3910 se
508 3858 696 3914 sustentant
717 3852 750 3915 in
761 3851 954 3935 peroribus.
988 3848 1115 3914 Sicdo·
1167 3850 1319 3926 cendum,
1341 3848 1546 3933 arguendum
1568 3859 1633 3912 etc.

138 3941 191 3997 cet
213 3929 337 3996 Paulus
362 3945 397 3994 at
419 3929 575 3998 Galatasr
609 3933 653 3997 Ut
685 3937 942 4019 promissionem
976 3936 1115 4019 Spiritus

137 4017 337 4100 accipiamus
358 4037 419 4099 per
440 4015 551 4081 iidem.
596 4018 689 4085 llaec
710 4022 860 4104 acceptio
872 4020 1016 4105 Spiritus
1037 4040 1115 4086 san·

137 4103 182 4169 etl
215 4113 355 4167 uocatur
381 4103 591 4186 regeneratio
620 4122 681 4167 seu
715 4107 907 4183 renovatio,
938 4119 971 4171 et
992 4116 1045 4170 est
1065 4108 1115 4171 in·
1402 4172 1405 4177 ,
1725 4120 1735 4139 ’

136 4188 270 4254 eboatio
300 4187 387 4251 vitae
409 4197 564 4250 aeternae
584 4189 618 4249 in
640 4190 750 4267 nobie,
782 4190 870 4254 sicut
892 4189 1044 4256 Christus
1066 4194 1112 4257 in·
1166 4176 1386 4281 Quomodo
1408 4197 1410 4200 ⁴
1430 4177 1565 4288 placet
1607 4174 1843 4288 imperfecta
1884 4180 2145 4265 obedientia?

137 4274 222 4359 quit:
245 4270 337 4337 llaec
353 4283 406 4336 est
428 4272 495 4337 vita
517 4282 663 4351 aeterna,
685 4285 721 4338 ut
742 4276 1114 4359 cognoseantteDeurn
1406 4296 1413 4311 ·

61 4426 67 4432 ,
136 4378 264 4436 remur,
285 4369 320 4424 et
342 4377 438 4443 quern
460 4359 579 4422 misisti
596 4357 706 4426 lesum
729 4357 907 4426 Christum.
1335 4395 1368 4414 ··

204 4516 218 4531 Ι,
1250 4444 1454 4511 Necessaria
1474 4450 1528 4508 est
1549 4445 1756 4524 obedientia,
1782 4458 1817 4511 et
1839 4456 1949 4512 tamen
1970 4447 2142 4516 sciendam

222 4526 393 4594 llactenns
415 4529 457 4593 de
467 4526 700 4595 laetificatione
721 4528 846 4596 etlide
857 4532 1010 4611 diximus,
1028 4553 1114 4617 quae
1165 4541 1230 4610 est,
1251 4551 1323 4596 eam
1345 4527 1463 4615 procel
1485 4531 1608 4596 abesse
1629 4551 1650 4596 a
1670 4527 1892 4615 perfectione,
1924 4555 1988 4599 nec
2009 4532 2142 4600 satisfa-

135 4613 170 4676 ln
201 4613 394 4698 quotidiana
424 4615 627 4700 experienlia
658 4613 742 4680 liunt
773 4613 967 4683 illustriora.
1028 4618 1114 4684 Nam
1166 4636 1242 4682 cere
1263 4614 1330 4704 legi
1352 4616 1433 4694 Dei,
1462 4628 1496 4681 et
1516 4617 1625 4683 adlrm
1645 4617 1787 4682 haerere
1807 4618 1840 4682 in
1863 4620 1960 4684 nobis
1982 4616 2142 4706 reliquias

134 4695 221 4762 baec
242 4699 395 4764 doctrina
416 4718 548 4786 semper
566 4701 601 4764 in
624 4714 808 4784 conspecto
828 4720 904 4767 esse
926 4702 1045 4782 debet,
1076 4714 1114 4769 ut
1164 4702 1304 4786 peccati.
1349 4701 1462 4775 Quare
1482 4720 1628 4787 persona
1650 4720 1717 4766 non
1741 4713 1793 4767 ost
1821 4703 1921 4784 iusta,
1943 4706 1977 4770 id
1999 4716 2063 4783 ast,
2084 4726 2141 4772 ac·

135 4790 309 4848 teneamur
330 4783 458 4849 firmam
479 4783 761 4866 consolationem,
777 4798 811 4853 et
831 4799 869 4854 ot
931 4789 1114 4859 ssimuslo·
1165 4798 1262 4872 cepta
1283 4785 1481 4852 coracho
1502 4800 1639 4872 propter
1656 4788 1822 4872 propriam
1839 4792 2048 4870 mundiciam,
2069 4793 2141 4858 iux·

136 4884 263 4935 vocare
283 4866 402 4934 Deum.
445 4868 530 4935 Nam
561 4872 636 4936 sirie
668 4869 734 4938 bec
756 4871 823 4938 lide
844 4893 867 4937 n
903 4870 1012 4939 laest
1033 4893 1113 4939 vera
1165 4884 1200 4937 ta
1220 4869 1317 4937 illud:
1339 4871 1415 4953 Non
1437 4872 1670 4941 iustificabitur
1691 4875 1725 4938 ln
1746 4886 1931 4960 conspeetu
1951 4887 2008 4944 too
2031 4880 2140 4945 ournie

135 4953 318 5033 brrocatio,
335 4955 408 5019 sine
428 4955 493 5019 bae
513 4955 581 5020 lide
601 4974 669 5022 nou
691 4957 950 5043 apprehenditur
959 4956 1115 5025 Pontifex
1163 4957 1293 5024 virens.
1336 4955 1454 5026 Placet
1483 4970 1593 5024 autam
1621 4978 1767 5042 persona
1785 4959 1850 5027 lide
1871 4982 1933 5046 per
1953 4964 2140 5030 menecr-

137 5050 172 5104 ιι
191 5036 356 5106 metator
377 5036 542 5105 conatu.
1164 5043 1252 5110 oum
1274 5055 1409 5130 propter
1429 5042 1617 5122 curuum,
1640 5055 1676 5110 ut
1698 5056 1801 5131 snpra
1821 5047 1944 5115 diuam
1964 5061 2029 5115 est.
2072 5049 2141 5121 Da-
