4628 5588
174 172 244 245 sco
611 173 670 243 vr.
691 173 753 241 ua
775 156 1070 242 recusamur
1090 170 1459 242 assumseram
1479 172 1728 244 unaarum.
2121 174 2192 250 oto
2290 112 2293 117 Ι

170 368 263 433 dante
328 363 479 451 Apparet
495 361 627 451 aliquos
649 375 858 431 crescentem
875 362 1182 461 superstitionem}
1247 362 1310 430 illi
1338 358 1695 434 mammertinus
1724 364 2047 435 sempronium
2069 366 2145 435 vn.-

168 454 202 519 iu
224 448 318 519 cuitu
340 450 539 517 Sanctorum
560 449 713 517 voluisse
734 450 923 535 probibere.
1605 450 1771 519 Tusus,
2159 472 2165 491 ·

214 692 218 705 ,
256 623 415 710 Synodus
438 620 716 709 carthaginensis
728 640 817 687 anno
835 621 910 685 tat.
933 640 953 686 a
977 620 1002 686 ‘t
1022 621 1152 706 depro·
1289 619 1333 685 lii
1355 642 1491 708 quoque
1513 623 1727 693 benemeriti
1750 634 1845 705 sunt,
1877 628 2072 710 pracsertim
2107 638 2188 713 qu'a·

172 712 350 778 vocatione
371 708 625 796 Episcopomm.
670 708 840 773 liomauus
860 708 957 772 Ponti
971 728 1013 772 ex
1034 720 1153 793 postu·
1203 717 1301 772 tenus
1325 720 1404 773 sunt
1420 720 1527 774 testes
1549 710 1673 775 veteris
1694 722 1729 783 et
1750 712 1879 794 primae
1899 709 2073 779 Ecclesiae
2094 713 2187 798 Apo·

167 797 263 874 lavit,
284 806 321 861 ut
342 795 800 881 concedereturprovocatio,
818 796 1009 881 ubicunque
1029 791 1151 879 aliquis
1203 790 1377 859 stolorum.
1444 794 1652 861 Confirmant
1683 796 1771 861 euim
1802 816 1866 863 nos
1886 808 1964 863 suo
1985 799 2187 880 testimonio,

170 870 422 951 ad‘liomanum
443 891 677 968 provocasset,
698 880 803 965 idque
814 892 850 945 ut
861 881 1039 959 obtineret,
1063 900 1152 945 com·
1203 876 1257 945 De
1277 877 1450 959 Trinitata,
1478 880 1532 945 Da
1559 882 1687 948 naturis
1708 883 1743 949 in
1766 881 1914 958 Christo,
1945 882 1999 949 De
2022 887 2187 971 baptismo

170 968 260 1036 misit
280 964 547 1047 rabanonem
568 968 833 1032 commenticium
855 967 1037 1045 decretum,
1084 966 1151 1031 uod
1203 962 1376 1045 infantum,
1407 964 1463 1055 lie
1484 987 1549 1033 asu
1571 987 1698 1035 coenae
1721 966 1868 1047 Domini,
1902 967 1956 1036 De
1978 972 2189 1037 ordinatione
2308 986 2312 1005 “

169 1052 360 1121 affirmabat
377 1054 411 1118 in
432 1072 507 1119 eam
528 1054 726 1119 sententiam
755 1053 877 1118 editum
899 1072 977 1117 esse
998 1053 1031 1116 in
1098 1071 1153 1117 ce·
1203 1052 1437 1133 ministrorum,
1457 1052 1511 1120 lie
1535 1055 1690 1140 coniugio
1713 1056 1956 1136 ministrorum,
1977 1054 2031 1122 De
2052 1059 2188 1125 usum·

169 1160 215 1207 ua
230 1140 395 1228 'synodo
436 1136 588 1203 ·i'ostea
626 1158 668 1203 ex
709 1136 999 1222 Constantinopoli
1041 1138 1153 1224 petitis
1204 1137 1433 1219 differentium,
1455 1138 1509 1205 De
1529 1141 1734 1226 poenitentia
1755 1138 1938 1227 lapsorum.
1981 1140 2036 1209 De
2058 1144 2112 1209 irls
2135 1164 2188 1209 ar·

170 1223 333 1312 exemplis
352 1225 560 1311 deprebensa
582 1236 635 1289 est
654 1227 798 1303 vanitas,
819 1236 854 1290 et
875 1227 1050 1308 repudiata
1071 1225 1152 1309 peti·
1203 1222 1313 1291 ticuiis
1336 1227 1489 1296 omnibus
1511 1228 1655 1292 citantur
1676 1226 1905 1293 memorabilia
1925 1226 2080 1315 exempla
2096 1227 2189 1316 Apo·

169 1314 217 1378 tio
239 1311 382 1377 Romani
405 1310 587 1377 Pontificis.
654 1308 739 1376 liuic
756 1313 892 1398 synodo
912 1308 1063 1377 interfuit
1081 1310 1153 1377 An·
1202 1308 1377 1391 stolorum,
1398 1332 1485 1398 quae
1506 1315 1607 1380 nobis
1628 1314 1889 1399 patrocinantur.

170 1399 336 1487 gustinus.
379 1394 517 1463 Talibus
535 1395 683 1462 artificiis
705 1396 844 1462 Romani
861 1398 1043 1463 Pontifices
1065 1398 1179 1505 viam³
1984 1396 1994 1407 “

170 1485 235 1550 sibi
258 1484 301 1549 ad
322 1485 497 1569 primatum
520 1494 725 1548 struxerunt.
747 1484 843 1559 ‚iioc
873 1480 1058 1570 exemplum
1080 1502 1152 1546 mo·

169 1582 237 1649 net,
257 1589 302 1635 ne
321 1572 368 1634 ita
390 1570 544 1635 miremur
566 1569 810 1656 antiquitatem,
842 1581 880 1636 ut
901 1590 973 1635 eam
996 1569 1150 1636 omuibus
1202 1579 1279 1633 runt
1312 1566 1553 1655 diligentiores,
1583 1581 1628 1650 et,
1657 1582 1693 1636 ut
1715 1581 1768 1635 est
1790 1568 1980 1649 humanum,
2013 1568 2118 1657 saepe
2139 1572 2188 1637 ln·

169 1658 259 1725 vitiis
276 1653 467 1722 liberemus.
1204 1656 1414 1721 considerate
1438 1656 1608 1722 effundunt
1631 1658 1796 1722 absurdas
1819 1668 1853 1721 et
1870 1654 1975 1721 salsas
1987 1658 2186 1736 sententias,

1057 1768 1062 1776 ·
1202 1763 1288 1829 quas
1310 1742 1468 1811 admoniti
1480 1742 1572 1809 baud
1582 1743 1680 1809 dubie
1702 1741 1834 1807 fuerant
1858 1746 2051 1809 correcturi.
2075 1743 2187 1829 Saepe

256 1824 530 1914 Carthaginensis
564 1836 693 1912 quarta,
727 1826 896 1891 decretum
930 1824 1077 1893 continet
1108 1829 1151 1893 de
1204 1849 1279 1893 cum
1300 1849 1368 1893 non
1391 1824 1477 1895 male
1498 1829 1671 1907 sentirent,
1696 1840 1805 1894 tamen
1826 1849 1894 1893 non
1916 1830 2189 1917 satisperspicua

169 1915 359 2000 precatione
381 1924 414 1978 et
434 1910 602 1978 oblatione
613 1933 674 1997 pro
685 1911 823 1977 mortuis
840 1912 894 1976 his
912 1914 1043 1978 verbis:
1067 1912 1151 1978 Poe·
1203 1914 1318 1980 dicere
1350 1926 1541 2002 potuerunt,
1598 1916 1665 1981 uod
1687 1912 1856 1980 uolebant.
1922 1919 2028 2001 Saepe
2050 1930 2189 2003 propter

170 2003 325 2079 nitentes,
348 2000 404 2086 qul
427 1996 958 2085 diiigenterservaruntiianones
979 2000 1151 2084 poeniten·
1203 2013 1388 2085 temporum
1411 1936 1683 2067 consuedinem
1703 2012 1903 2088 praesentes
1921 2001 2116 2069 traditiones
2128 2004 2188 2071 du·

92 2088 96 2098 '
170 2087 248 2164 tiae,
281 2086 311 2151 sl
344 2104 429 2151 casu
448 2086 631 2150 moriantur
652 2097 729 2149 ante
752 2085 1028 2163 communionem,
1061 2105 1152 2150 com·
1203 2088 1272 2151 rius
1307 2083 1536 2152 defenderunt.
1599 2083 1740 2172 Aliquae
1763 2087 1862 2153 etiam
1882 2084 1988 2153 iaisas
2011 2087 2211 2173 opiniones·

171 2171 345 2236 mandetur
365 2190 483 2237 eorum
503 2172 662 2237 memoria
707 2172 932 2236 recationibus
957 2181 990 2236 et
1013 2169 1151 2237 oblatio·
1202 2172 1367 2239 interdum
1387 2171 1585 2238 habuerunt.
1637 2172 1748 2246 Quare
1770 2193 1839 2238 non
1856 2183 1935 2239 sunt
1956 2174 2029 2253 siue
2051 2172 2188 2242 deiectu

171 2258 282 2321 nibus.
324 2253 385 2323 iiia
406 2268 501 2321 aetas
521 2258 667 2323 nondum
683 2192 833 2322 iubebat
850 2257 1000 2342 privatas
1011 2255 1150 2337 Missas,
1204 2259 1313 2323 omnia
1336 2258 1471 2323 Patrum
1492 2258 1621 2345 scripta
1642 2258 1827 2343 probanda,
1852 2269 1885 2323 et
1895 2261 2022 2342 scepei
2048 2261 2076 2325 si
2100 2264 2188 2341 inter

173 2344 234 2407 sed
256 2353 363 2409 tamen
385 2340 545 2427 paulatim
566 2345 756 2428 superstitio
780 2354 943 2408 creverat.
1005 2343 1068 2409 iiic
1087 2341 1151 2408 Ga·
1203 2364 1281 2445 sese
1315 2357 1475 2431 pugnant,
1506 2365 1570 2409 nec
1593 2365 1704 2408 rarum
1727 2356 1780 2410 est
1802 2344 1980 2409 dissentire
2002 2281 2188 2433 aiiquema'

171 2450 240 2495 non
273 2449 340 2493 non
373 2429 489 2514 recipit
521 2440 690 2509 mortuos,
721 2431 787 2495 nisi
809 2427 986 2516 diligenter
1007 2430 1152 2495 servatis
1173 2458 1180 2480 ·
1203 2449 1242 2494 se
1263 2449 1349 2515 ipso.
1417 2429 1529 2504 Quare
1555 2431 1713 2497 iudicium
1743 2450 1820 2494 esse
1843 2432 1941 2495 debet
1968 2450 2073 2515 penes
2096 2432 2188 2519 Apo.-

169 2514 288 2668 'iffls
309 2516 545 2601 poenitentiae.
589 2515 669 2581 item
690 2515 782 2583 addit
802 2535 929 2581 morem
952 2515 994 2580 de
1012 2512 1152 2581 oblatio·
1172 2496 1181 2611 Ι
1204 2514 1356 2581 stolicam
1378 2518 1594 2604 scripturamr
1617 2516 1686 2583 Sed
1706 2517 1848 2583 sublicio
1870 2514 2031 2602 exempla.

168 2622 191 2667 n
269 2645 279 2677 ἲ
508 2626 511 2635 .

255 2770 430 2838 Tractavit
463 2792 600 2836 causam
623 2772 854 2857 gravissimam
876 2770 1034 2857 synodus
1057 2769 1153 2836 Mila-

169 2859 295 2939 vitane
329 2859 384 2925 cui
417 2853 565 2924 interluit
586 2857 807 2944 Augustinus,
835 2870 869 2923 et
890 2867 984 2923 recte
1006 2853 1154 2922 defendit

169 2945 258 3030 piam
281 2946 467 3010 doctrinam
489 2945 531 3008 de
577 2955 694 3009 cecato
717 2942 888 3030 originali,
923 2946 966 3008 de
989 2943 1098 3032 gratia
1120 2954 1153 3010 et

171 3032 213 3096 da
244 3030 490 3095 iustificatione.
588 3030 666 3095 abet
697 3039 731 3093 et
763 3027 897 3115 politica
921 3033 1096 3116 quaedam,
1119 3031 1152 3095 in
2089 3082 2093 3109 ,

170 3116 291 3203 qulbus
312 3116 398 3181 baec
419 3126 498 3181 sunt
517 3113 754 3182 memorabilia.
819 3115 920 3181 Vetat
941 3116 1152 3201 provocatio·
1290 3112 1456 3201 Origenes
1489 3114 1597 3183 citans
1619 3110 1861 3201 Apostolorum
1894 3124 1929 3179 et
1949 3126 2100 3181 veterum
2122 3110 2188 3181 Ec·
2296 3194 2302 3203 1

169 3222 246 3271 nem
267 3202 312 3269 ad
339 3204 580 3268 transmarinos
608 3201 809 3289 Episcopus.
875 3202 949 3268 Hoc
983 3205 1152 3295 decretum
1205 3196 1383 3266 elesiarum
1415 3197 1568 3351 exempla
1596 3212 1629 3266 et
1660 3202 1858 3280 sententias,
1892 3212 1945 3265 est
1977 3202 2073 3266 testis
2095 3198 2188 3266 utilis

169 3310 260 3357 nunc
280 3310 324 3355 ue
344 3288 515 3355 Romanus
538 3289 669 3373 quidem
691 3288 846 3353 Pontifex
867 3290 1045 3373 reciperet.
1089 3289 1152 3353 Ve-
1204 3289 1388 3373 posteritati
1421 3289 1463 3352 de
1492 3288 1811 3372 aiquotartieuiis,
1845 3285 1900 3352 lic
1920 3286 2097 3366 Trinitate,
2132 3285 2188 3352 De

170 3387 219 3442 tat
240 3378 319 3443 item
341 3378 385 3443 ab
408 3376 614 3461 imperatore
635 3375 703 3458 peti
724 3374 936 3440 iudicesnon
953 3375 1151 3460 Episcopus.
1205 3376 1335 3440 duabus
1356 3375 1485 3439 naturis
1506 3376 1541 3439 in
1563 3373 1718 3453 iiirristo,
1749 3373 1804 3438 De
1827 3377 1992 3458 baptismo
2013 3370 2188 3453 infantum,

171 3461 209 3528 id
229 3460 298 3530 iilis
319 3464 524 3548 temporibus
546 3482 610 3526 con
638 3463 767 3538 ruebat,
799 3481 889 3526 nunc
911 3473 1005 3527 esset
1025 3461 1150 3526 durum.
1203 3456 1257 3524 Dc
1290 3474 1432 3542 peccato
1467 3458 1631 3547 originali,
1663 3457 1717 3525 De
1739 3478 1803 3525 usu
1827 3479 1953 3525 coenae
1976 3458 2119 3534 Domini,
2153 3466 2188 3523 et

170 3546 225 3614 Ile
247 3550 388 3616 divortio
412 3550 509 3615 etiam
527 3481 651 3626 sanxit,
671 3568 713 3612 ne
729 3566 875 3632 persona
895 3548 1059 3613 innocens
1081 3568 1153 3612 rur·
1204 3548 1246 3612 de
1266 3543 1341 3611 aliis
1364 3546 1573 3633 quibusdam.
1745 3576 1750 3583 ·
1945 3604 1949 3611 .

171 3654 231 3701 sus
254 3633 432 3701 contrabat
454 3634 705 3712 matrimonium,
724 3645 757 3699 et
767 3634 859 3699 addit
874 3636 1052 3719 petendum
1063 3652 1152 3712 esse,

170 3731 207 3786 ut
239 3720 420 3807 imperator
452 3720 562 3807 legem
596 3722 628 3785 in
662 3740 735 3785 eam
757 3722 955 3786 sententiam
976 3720 1072 3785 serat.
1116 3718 1152 3784 id
1290 3716 1470 3783 Caeterum
1500 3717 1635 3784 miscuit
1666 3717 1739 3782 suis
1771 3716 1906 3780 seritis
1935 3713 2058 3781 muitas
2079 3712 2187 3783 {airas

195 3808 554 3961 ”dicitlicit
569 3803 1153 3981 iffli'iiriiiiiiim'mst
1203 3736 2068 3975 sititis·ti⁶”itt,t⁰tft¹”.tit⁰t.titt
2094 3802 2187 3953 ..tiz

483 3937 495 3973 2
1001 3936 1011 3956 0
1278 3937 1286 3951 ¹
1518 3941 1527 3958 a

695 4012 698 4017 ·
1203 3974 1317 4063 plures
1340 3977 1495 4058 mundos,
1526 3975 1637 4062 Fingit
1657 3972 1880 4041 Diabolorum
1901 3987 1936 4040 et
1957 3976 2188 4041 damnatorum

256 4061 308 4128 iia
340 4063 499 4151 Synodus
532 4062 708 4129 coniirmat
739 4076 774 4130 et
810 4064 1078 4151 superstitionem
1111 4061 1152 4129 de
1203 4083 1333 4148 poenas
1366 4074 1561 4130 cessaturas
1593 4082 1686 4128 esse.
1730 4061 1825 4129 liaeo
1846 4062 1952 4148 ipsius
1974 4072 2070 4127 aetas
2087 4060 2188 4131 etiam

170 4149 276 4229 vous,
316 4150 472 4216 concedit
509 4148 616 4216 velari
655 4150 803 4236 virgines
842 4164 919 4218 anta
951 4151 1152 4237 vigesimum
1203 4149 1429 4237 reprehendit.

171 4237 320 4322 quintum
352 4254 474 4302 annum
505 4245 622 4302 contra
643 4248 779 4302 veteres
806 4235 973 4302 (iunones.
1040 4234 1151 4310 Quaa-

171 4340 272 4409 quam
303 4322 405 4408 igitur
436 4323 478 4388 de
501 4322 655 4389 doctrina
676 4319 894 4387 tolerabiliter
915 4322 1153 4408 pronuntiavit,
1289 4324 1325 4389 in
1346 4319 1443 4387 Rom.
1465 4330 1615 4386 tractans
1635 4317 1725 4385 banc
1739 4317 2014 4403 propositionem,
2036 4312 2117 4381 Fida
2138 4314 2188 4383 iu·

170 4418 281 4473 mutan
313 4418 434 4495 postea
466 4409 632 4475 accedunt
664 4403 794 4494 aliquae
816 4406 960 4494 stipulae
982 4421 1016 4473 at
1037 4428 1153 4493 auper-
1204 4406 1399 4488 stilicamur,
1421 4427 1489 4473 non
1508 4426 1550 4472 ex
1572 4405 1743 4491 operibus,
1765 4400 1919 4489 intelligit
1943 4423 2017 4467 eam
2037 4400 2112 4467 acroi
2134 4420 2187 4468 uo-

171 4493 325 4561 stitiosae
357 4495 627 4561 constitutiones.
692 4490 805 4568 Quare
825 4515 893 4559 non
916 4495 1027 4560 omnia
1044 4494 1153 4581 Syno-
1203 4492 1356 4576 νεκδοχὴν,
1377 4494 1444 4560 tide
1466 4512 1581 4560 sumus
1602 4491 1692 4571 lusti,
1711 4492 1827 4568 idest,
1848 4486 2188 4575 persectaiidecom·

171 4580 290 4646 dorum
317 4580 453 4647 decreta
485 4583 559 4647 sina
580 4577 712 4647 deiectu
743 4581 917 4666 probanda
937 4592 1028 4662 sunt,
1048 4590 1083 4646 et
1104 4592 1153 4646 ta·
1203 4578 1371 4668 plectente
1393 4598 1509 4647 omnes
1523 4580 1676 4657 virtutes,
1699 4575 1974 4681 idquedeciarat,
1998 4576 2078 4641 dicit
2098 4576 2188 4641 idern

1400 2872 1422 2981 ’,
1559 2879 1625 2963 De
1663 2879 1828 2991 origine.

40 4708 43 4713 -
171 4686 247 4732 men
269 4664 439 4734 latendum
460 4679 525 4748 est,
545 4668 621 4754 pias
631 4666 887 4752 Synodosbene
906 4668 1043 4734 meritas
1061 4686 1152 4747 esse,
1202 4686 1307 4753 posse
1328 4667 1394 4732 dici
1411 4667 1454 4732 da
1475 4667 1618 4731 caeteris
1640 4664 1844 4729 virtutibus·
1873 4660 2106 4727 Misericordia
2128 4682 2207 4727 su·-

172 4753 251 4839 quia
271 4751 402 4840 aliquos
425 4751 818 4822 doctrinaeciuistianae
838 4750 997 4819 articulos
1016 4773 1152 4819 conser-
1205 4774 1280 4819 mus
1301 4754 1397 4833 iusti,
1429 4748 1561 4819 scilicet
1580 4746 1742 4901 perlecta,
1765 4745 2009 4833 compiectente
2031 4759 2187 4814 caeterea

171 4850 352 4919 naverunt,
385 4850 419 4907 et
450 4843 494 4907 da
513 4840 568 4907 bis
589 4840 729 4927 prodest
749 4848 864 4906 tenera
885 4838 1099 4928 synodorum
1119 4850 1155 4907 et
1203 4840 1358 4908 vinctas.
1421 4836 1498 4903 lioc
1518 4836 1586 4904 nibi

172 4924 377 5011 antiquitatis
398 4926 631 4995 testimonium.
1204 4945 1267 4991 nas
1288 4937 1426 5013 propter
1446 4942 1552 5009 opera
1572 4933 1606 4989 et
1625 4932 1765 5009 propter
1796 4922 1937 4987 virtutes
1957 4940 2039 4987 suas
2060 4918 2188 4985 babere

357 5061 362 5069 .
1205 5013 1436 5079 remissionem
1466 5021 1690 5095 peccatorum,
1723 5018 1758 5074 et
1778 5008 1887 5075 iustos
1914 5025 2004 5086 asse,
2036 5003 2188 5093 cumque

1204 5118 1275 5167 aaa
1294 5098 1457 5179 attendat,
1478 5096 1559 5185 quid
1580 5105 1662 5185 agat
1680 5090 1825 5175 Paulus,
1854 5092 1934 5182 quid
1954 5102 2056 5159 vocat
2075 5088 2188 5173 lidan,

327 5180 477 5231 num
491 5185 573 5227 om
587 5184 654 5233 vot..
664 5180 752 5227 xxm
1977 5212 2013 5265 3⁹

1289 1480 1466 1549 Caeterum
1499 1481 1688 1570 Scriptores
1716 1482 1774 1550 aiii
1794 1480 1926 1557 inaliis
1947 1484 2094 1552 materiis
2116 1481 2189 1553 iaa-
2309 1476 2312 1485 ’

1621 4834 1713 4903 aliud
1734 4846 1788 4901 est
1810 4836 1931 4914 dicere,
1960 4855 2061 4920 quam
2081 4831 2187 4899 bomi-
2298 4876 2302 4883 -
