4628 5588
95 159 162 231 ssa
253 208 259 216 .
424 255 429 261 ἱ
561 224 571 231 ,
655 153 740 261 um.
763 103 984 222 namnsrb
1007 90 1543 222 comunitsacaanounu.
1646 128 1656 148 ·’
1807 114 1810 121 ’
1965 187 1971 197 ·
2043 150 2108 221 teo
2134 152 2169 236 ᾗ
2280 218 2284 226 ,

97 363 161 433 est,
184 349 241 435 qui
265 348 388 414 docent
409 342 639 430 Evangelium,
673 345 728 430 qui
750 355 868 432 regant
886 338 1076 425 Ecclesiae,
1127 355 1204 409 sunt
1236 352 1383 421 mentes,
1416 353 1449 406 et
1469 338 1536 406 Dei
1557 338 1720 406 beneficia
1741 353 1931 427 agnoscunt
1952 361 1994 407 ac
2010 361 2106 427 prae·

94 437 242 504 babeant
266 445 402 500 mentes
436 452 503 496 non
536 427 682 515 pollutas
709 432 925 510 scortatione,
947 442 981 494 et
1002 428 1076 496 aliis
1126 430 1251 511 dicant,
1283 424 1472 514 coniugalia
1504 423 1613 492 officia
1643 425 1726 491 fiunt
1754 427 1842 492 bona
1875 447 1997 514 opera,
2030 428 2105 495 Deo
2210 500 2215 507 ,

95 523 294 597 sceleribus,
310 519 371 584 sed
392 529 496 604 agant
516 509 763 601 poenitentiam,
795 515 871 582 Deo
904 517 1075 598 obediant,
1126 527 1236 603 grata,
1267 528 1312 595 et,
1345 527 1381 579 ut
1403 510 1528 579 Paulus
1557 513 1673 599 inquit,
1704 510 1834 578 honore
1851 513 1965 602 digna.
2030 515 2106 581 Non
2161 576 2175 599 ,

94 620 135 675 ut
163 605 411 694 locupletentur
443 604 540 669 dunis
574 600 814 689 spiritualibus,
842 603 971 682 timore,
994 603 1073 684 lide,
1126 602 1212 666 enim
1233 597 1309 666 leve
1330 601 1544 686 praeconium
1567 609 1631 677 est,
1654 600 1743 684 quud
1761 596 1887 666 Paulus
1909 602 2002 666 iubet
2023 621 2103 666 con-

96 696 296 773 constantia,
328 703 362 756 et
393 691 539 756 caetetis
561 689 754 756 virtutibust
787 688 965 753 blandities
988 691 1074 754 euim
1124 688 1248 773 iugium
1279 687 1408 752 bonore
1437 682 1542 765 allici,
1580 683 1651 750 vult
1683 690 1825 771 agnosci
1866 687 2107 753 ordinationem

95 779 264 871 significat
285 772 509 846 universalem
532 777 763 854 obedientiam,
787 796 861 840 cum
886 775 1074 859 Prophetae
1125 771 1201 853 Dei,
1234 772 1402 839 bominum
1434 772 1713 858 procreationem,
1743 771 2106 851 nutritionem,‹defen·

10 878 15 885 '
94 867 277 954 loquuntur
308 866 351 930 de
383 882 476 940 vera,
507 884 575 929 non
598 863 641 926 de
667 858 877 927 ceremoniali
904 862 1073 927 munditia.
1125 861 1264 939 sionem,
1281 871 1315 925 et
1337 870 1470 924 caetera
1492 856 1665 938 beneficia,
1688 868 1720 921 et
1743 872 1880 945 propter
1896 860 1981 925 haec
2002 861 2105 926 amari

32 1005 33 1008 ,
94 953 249 1039 Denique
259 952 343 1018 baec
356 951 429 1034 ipsa
451 969 535 1014 voxt
557 948 773 1026 lllnndamici,
794 948 849 1035 qui
872 944 967 1012 fertis
989 967 1074 1013 vasa
1125 958 1159 1010 et
1178 944 1307 1012 laudari
1323 944 1389 1010 hoc
1410 944 1498 1012 vitae
1519 965 1639 1034 genus,
1662 954 1696 1008 et
1719 942 1829 1012 Deum
1846 958 1996 1011 autorem
2020 944 2108 1013 cela·
2233 1010 2238 1017 .

94 1038 249 1118 Domini,
274 1038 366 1102 iubet
398 1046 435 1099 ut
467 1037 667 1101 sacerdotes
700 1047 804 1120 agant
825 1033 1074 1120 poenitentiam,
1126 1032 1225 1099 brari.

95 1125 177 1193 fiant
198 1124 310 1189 mundi
331 1122 456 1198 nunniti,
488 1141 553 1186 nec
574 1141 613 1185 se
635 1117 784 1206 polluant
801 1121 958 1204 deinceps
981 1138 1075 1183 scor·
1741 1161 1744 1165 -
1937 1190 1940 1195 Ι

95 1212 250 1289 tationes
263 1205 448 1286 adulteriis,
480 1219 527 1273 et.
545 1207 622 1272 aliis
643 1206 791 1294 flagitiis.
852 1205 940 1279 Quis
963 1216 1074 1271 autem
1211 1201 1265 1269 Ac
1296 1216 1333 1271 ut
1365 1203 1471 1290 magis
1503 1199 1641 1289 intelligi
1673 1204 1793 1288 possit,
1817 1204 2004 1290 coniugium
2027 1224 2106 1270 esse

94 1317 164 1364 non
197 1295 311 1363 dolcat
344 1293 523 1359 connivero
554 1293 735 1360 Pontifices
768 1303 802 1357 et
833 1291 1007 1378 Principes
1029 1291 1073 1356 ad
1125 1291 1213 1377 piam
1237 1302 1270 1355 et
1287 1289 1362 1354 Deo
1379 1287 1565 1376 placentem
1587 1291 1864 1369 coniunctionem,
1877 1291 1987 1378 *valde
2032 1291 2108 1356 rod·
2136 1299 2141 1309 '

96 1403 203 1468 vagas
223 1380 376 1447 libidines
398 1381 623 1459 sacerdotum,
646 1381 875 1444 intereavero
898 1377 1075 1443 durissime
1117 1388 1180 1463 est
1202 1372 1378 1463 diligenter
1398 1376 1605 1443 considerari
1627 1388 1660 1440 et
1689 1373 1776 1443 barre
1797 1377 1977 1442 rationemz
2043 1397 2104 1442 eus

95 1470 268 1535 adversari
286 1467 429 1532 honesto
452 1466 633 1552 coniugio?
656 1486 730 1531 cum
753 1465 796 1530 sit
818 1464 965 1530 societas
986 1464 1075 1530 vitae
1126 1459 1199 1528 vult
1220 1481 1337 1528 sexum
1370 1463 1466 1527 sexui
1488 1482 1589 1528 curae
1607 1482 1696 1541 esse,
1730 1474 1821 1528 vetat
1843 1482 1959 1529 sexum
1982 1484 2003 1528 a
2024 1483 2108 1528 sexa

95 1552 330 1643 pulcherrima,
352 1554 499 1617 instituta
517 1552 686 1633 divinitus,
704 1549 779 1657 Dp
801 1547 953 1637 placeas',
977 1571 1074 1615 orna·
1128 1548 1255 1633 despici
1277 1570 1319 1614 ac
1341 1545 1478 1635 negligi,
1499 1549 1574 1614 ideo
1593 1549 1690 1613 dicitt
1722 1546 1898 1614 Faciamus
1926 1551 1957 1613 ei
1978 1550 2107 1615 adiuto-

96 1653 130 1706 ta
151 1640 342 1728 ingentibus
363 1635 531 1704 miraculis
552 1659 573 1702 a
589 1635 674 1704 Deo.
798 1646 803 1661 ‘
1001 1687 1008 1695 .
1128 1636 1213 1699 darn
1235 1630 1341 1699 simile
1363 1635 1439 1717 ipsi.
1504 1632 1566 1700 Est
1584 1635 1685 1722 igitur
1706 1636 1795 1719 pium
1814 1631 1971 1713 cllidum,
1989 1656 2107 1700 curare

1128 1717 1268 1786 alteram
1302 1721 1436 1807 generis
1468 1717 1603 1786 humani
1624 1723 1765 1806 partem,
1784 1732 1817 1786 et
1834 1717 1901 1785 hoc
1921 1722 2031 1786 animo
2050 1723 2107 1786 du·

180 1809 327 1878 Primum
360 1811 446 1875 eninr
479 1809 667 1896 praesentia
694 1806 758 1874 Dei
780 1809 923 1876 manime
944 1807 1077 1901 conspi·
1107 1826 1208 1891 ,cere
1224 1818 1258 1870 et
1279 1825 1394 1871 amare
1415 1807 1601 1893 coniugem.
1655 1806 1804 1872 Naturae
1831 1807 2023 1892 depravatio
2046 1815 2109 1886 est,

97 1900 183 1964 citur
202 1898 248 1964 in·
281 1895 486 1975 oneratione,
509 1892 706 1961 formatione
728 1893 851 1975 foetus,
881 1897 916 1960 in
945 1895 1075 1959 mendo
1128 1913 1171 1958 ne
1195 1889 1299 1979 ligere
1316 1890 1461 1960 alterum
1483 1914 1611 1966 sexum,
1630 1893 1806 1979 despicere
1834 1914 1916 1961 vero
1938 1904 1972 1958 et
1993 1906 2107 1959 contu·

96 1995 203 2070 partu.
300 2004 362 2049 aec
393 1983 476 2048 rnira
509 2002 614 2068 opera
631 1979 735 2048 voluit
764 1979 859 2048 Deus
889 1981 1077 2047 testimonia
1128 1913 1227 2045 maiia
1248 1975 1396 2056 afficere,
1418 1980 1576 2062 superbia
1598 1989 1651 2044 cst
1672 2000 1735 2065 pro
1759 1981 1808 2045 rie
1825 2000 1846 2044 a
1861 1976 2010 2047 Diabolo
2022 1992 2107 2046 orta.

97 2091 187 2151 esse,
207 2088 295 2157 quae
315 2089 380 2137 nos
403 2066 712 2148 commonefaciant,
735 2080 772 2134 ut
794 2080 990 2147 statuamus,
1012 2086 1075 2132 nos
1128 2067 1163 2132 ld
1179 2080 1305 2143 ¹autem
1338 2064 1452 2133 vitium
1484 2065 1661 2131 admodum
1752 2085 1834 2152 gare
1855 2078 1923 2131 estt
1967 2066 2130 2140 Quidmn‘

97 2176 165 2222 non
187 2157 381 2233 casutnriri,
403 2157 465 2220 sed
488 2154 597 2221 Deum
618 2166 768 2219 autorem
796 2157 1075 2233 em‘onscrvato·
1128 2161 1246 2237 putant
1270 2154 1317 2216 'se
1350 2150 1458 2238 mugm
1482 2149 1655 2219 masculos
1673 2169 1761 2229 esse,
1783 2155 1813 2216 si
1831 2153 2108 2237 superbe-despi-

97 2261 168 2307 rcm
188 2241 420 2328 casageneris
442 2241 606 2326 humani,
628 2241 728 2326 idque
752 2236 945 2306 bonefacium
971 2259 1076 2326 agno·
1130 2239 1219 2302 ciant
1249 2235 1426 2316 mulieres,
1459 2238 1489 2305 si
1521 2239 1682 2305 audacter
1714 2239 1867 2304 convicia
1892 2239 2004 2303 dicant
2032 2237 2110 2304 lunio

68 2326 76 2335 “
98 2327 162 2406 sci,
183 2329 376 2413 praedicari,
398 2323 563 2393 celebrari
585 2324 656 2392 vult
678 2329 711 2392 in
733 2326 983 2403 hacsocietate,
1005 2338 1076 2390 tan-
1118 2324 1236 2412 seam,
1258 2320 1370 2413 qualia
1392 2334 1507 2391 estant
1528 2320 1634 2391 multa
1649 2323 1684 2388 ia
1701 2325 1875 2408 poematis.
1908 2322 1953 2389 Et
1974 2321 2110 2412 collegit

33 2416 55 2451 ⁴·
98 2430 197 2499 qnam
220 2414 254 2477 in
267 2416 388 2481 ebora.
433 2413 512 2479 ldeo
534 2414 621 2477 enim
641 2411 794 2478 homines
815 2414 859 2478 ad
881 2412 1077 2488 socie-tatem
1128 2430 1283 2496 magnum
1316 2429 1473 2503 acervom
1506 2409 1729 2497 Hieronymus
1752 2426 1872 2476 contra
1895 2410 2109 2477 latinianum.

97 2498 389 2581 conditionatum
406 2498 463 2566 alii
485 2497 635 2565 alios'de
657 2499 733 2565 Deo
754 2510 789 2564 et
810 2500 881 2566 eius
904 2494 1077 2563 voluntate
1127 2484 1186 2562 Sic
1207 2493 1355 2577 fortasse
1376 2508 1600 2567 consueuerat
1619 2497 1653 2562 in
1677 2494 1975 2563 declamationibus
2003 2493 2107 2563 multa
2159 2572 2162 2577 ,

97 2582 262 2650 doceanb·
314 2585 388 2651 Nec
420 2588 531 2651 minas
558 2583 648 2651 lucet
670 2588 741 2652 elus
765 2585 897 2650 bonitas
920 2583 953 2648 in
975 2585 1077 2649 nutri·
1128 2581 1201 2646 sine
1234 2579 1366 2648 delectu
1395 2601 1606 2669 congereret.
1635 2581 1703 2647 sed
1736 2580 1926 2649 Christiano
1958 2580 2110 2649 Doctoro

96 2670 201 2749 done,
219 2668 291 2736 hc
312 2673 419 2757 gignit
440 2673 473 2736 in
495 2675 654 2737 maternis
673 2672 847 2750 uberibus,
874 2669 916 2735 ad
934 2660 1088 2735 alendos'
1127 2666 1213 2732 baec
1235 2669 1342 2732 oratio
1375 2688 1586 2754 nequaquam
1616 2669 1846 2733 conueniebat
1904 2667 2010 2755 ·0pus
2043 2668 2110 2735 Dei
2157 2681 2167 2705 ·’
2210 2746 2213 2751 ,

96 2754 251 2837 irtfantes,
269 2758 466 2844 coningibus
483 2753 662 2822 foecundat
683 2775 799 2843 agros,
818 2769 851 2821 et
868 2744 1079 2822 miro‘t'nodo'
1117 2752 1257 2829 ¹bonore
1277 2748 1413 2841 dignum
1436 2765 1500 2834 cst,
1521 2773 1624 2820 sexus
1645 2750 1741 2820 snam
1762 2751 1896 2820 laudem
1918 2754 2031 2836 habet,
2053 2755 2110 2841 qul

96 2861 203 2930 genus
220 2841 399 2908 humanum
421 2840 492 2908 alit.
536 2843 639 2908 Addit
655 2854 688 2908 et
711 2844 840 2926 piorum
869 2837 1076 2928 Angelorum
1128 2839 1258 2905 etiamsi
1279 2861 1383 2921 ,suam
1414 2837 1516 2907 habet
1529 2892 1533 2903 .
1547 2838 1787 2920 infirmitatem,
1817 2853 1956 2926 propter
1975 2842 2110 2928 generis
2175 2860 2180 2867 ·

95 2929 274 3006 excubias,
305 2939 342 2992 ut
365 2925 546 2994 defendant
572 2940 730 3013 parentes
759 2941 793 2993 et
814 2925 939 2993 liberos
962 2926 1075 2992 conili-
1127 2924 1260 2991 humani
1287 2921 1432 3011 lapsum,
1459 2937 1569 2993 tamen
1591 2947 1659 2992 non
1680 2927 1787 2993 mittor
1809 2926 2021 2996 imbecillitas
2043 2931 2111 2997 ani·

96 3023 226 3080 mantes
258 3013 361 3078 variis
394 3015 571 3080 aerumnis.
604 3029 609 3035 ·
638 3015 722 3082 Sunt
754 3025 788 3080 et
820 3015 912 3099 pueri
936 3006 1077 3078 maximd
1127 3013 1172 3078 mi
1192 3024 1226 3078 et
1248 3012 1380 3079 consilii
1402 3015 1509 3081 estin
1531 3015 1631 3096 viris,
1653 3014 1697 3078 .ln
1718 3011 1773 3079 his
1789 3015 1933 3102 negotiis
1955 3036 2042 3103 quae
2063 3020 2113 3084 vt·-

95 3118 178 3185 pars
213 3096 401 3250 Ecpldesiae,
433 3100 521 3166 sicut
543 3101 648 3187 inquit
670 3098 842 3167 Christus:
874 3096 1002 3165 'falum
1024 3110 1077 3165 cst
1128 3098 1176 3164 ris
1197 3096 1464 3183 Deretiniunxit·

95 3202 273 3272 mgnum
328 3206 435 3253 orum·
1215 3268 1397 3357 Aliquanto
1426 3268 2111 3361 luressuntboaacmatreslamilias,quam

183 3352 315 3428 Quanta
341 3354 417 3422 laus
441 3368 493 3422 est
514 3358 670 3444 coniugii,
702 3356 791 3443 quod
812 3354 939 3423 Paulus
960 3356 1078 3441 inquit,
1129 3356 1208 3423 beni
1218 3293 1486 3441 pacatarditas,
1497 3369 1531 3424 et
1541 3355 1664 3425 multae
1675 3357 1793 3426 melius
1801 3362 1942 3425 educant
1951 3374 1984 3426 et
1993 3372 2135 3466 regunt·

96 3438 162 3506 lma
189 3441 274 3507 'nem
303 3462 382 3509 esse
410 3445 546 3523 amoris,
580 3466 648 3531 quo
667 3441 822 3508 Cbn'stus
845 3440 1076 3531 complectitur
1128 3444 1570 3530 parvospueros,quamairi
1580 3441 1812 3530 Respublicas.
1830 3443 2110 3532 laminreligrone

95 3461 311 3596 actiterunt
375 3528 420 3594 Ut
441 3543 588 3615 sponsus
609 3530 711 3595 babet
738 3549 835 3594 veras
859 3529 1023 3610 llarrrmas,
1045 3538 1079 3593 et
1129 3538 1287 3615 quantum
1300 3529 1468 3594 decusest
1485 3527 1669 3611 mulierum,
1684 3530 1897 3682 puantafidei
1910 3536 2111 3612 constantia,

95 3615 193 3681 ardet
213 3635 295 3681 vero
317 3634 432 3681 amore
460 3637 619 3703 sponsae,
641 3615 784 3682 laetatur
806 3617 878 3681 eius
901 3624 1077 3682 consuetu·
1129 3624 1252 3711 quanta
1269 3616 1463 3704 magnitudo
1485 3618 1584 3681 animi
1607 3616 1639 3682 in
1662 3638 1683 3682 a
1707 3618 1826 3684 eundis
1848 3630 1881 3683 et
1902 3616 2110 3705 perferendis

96 3700 185 3780 dine,
200 3699 394 3786 *compleam
418 3702 656 3783 incolumitate,
680 3700 805 3769 nullum
830 3702 993 3767 detrectat
1020 3722 1076 3787 pc-
1129 3697 1311 3785 suppliciis,
1329 3714 1365 3768 ut
1375 3702 1535 3769 historiae
1546 3702 1729 3790 Martyrum
1742 3716 1916 3776 testantur.
1949 3705 2021 3772 liae
2040 3703 2111 3772 lan·

95 3784 252 3868 siculum,
273 3801 311 3853 ut
332 3806 406 3854 earn
428 3787 586 3855 defendat
607 3803 639 3855 ct
661 3800 863 3877 propugnet:
894 3789 951 3854 Sic
973 3785 1076 3854 Filius
1129 3783 1191 3852 des
1204 3787 1399 3873 cogitandae
1410 3800 1488 3855 sunt
1498 3791 1562 3877 piis
1574 3803 1607 3855 et
1618 3789 1771 3857 honestis
1786 3792 1996 3880 ingeniis„et
2007 3814 2111 3877 oppo-

95 3868 161 3939 Dei
194 3893 277 3939 vcro
303 3871 404 3949 addet
436 3895 550 3940 aurore
579 3874 752 3943 Ecclesiae
774 3893 869 3952 suae,
891 3872 1078 3940 delectatur
1128 3873 1475 3954 nendae'scurrilibus
1497 3887 1531 3942 ct
1552 3877 1661 3961 impiis
1679 3879 1840 3945 conviciis
1862 3876 1960 3945 huius
1991 3898 2109 3958 sexus,

96 3959 170 4025 eius
202 3956 337 4039 ofn'ciis,
359 3979 510 4048 eamque
542 3963 690 4027 vicissim
723 3958 971 4047 complectitur,
1005 3960 1077 4026 vult
1130 3970 1163 4025 et
1184 3957 1460 4028 assuefaciendus
1482 3965 1624 4042 aninum,
1647 3976 1684 4028 ut
1707 3984 1824 4031 sexum
1843 3976 2037 4043 veneretur,
2068 3985 2111 4029 ac

97 4064 171 4111 eam
193 4043 392 4112 incolumem
416 4067 506 4126 esse,
527 4061 623 4113 ornat
644 4047 857 4134 amplissimis
872 4048 1077 4128 ntcneribus,
1129 4046 1214 4111 sciat
1247 4044 1393 4115 furorem
1428 4068 1506 4114 osse
1536 4070 1560 4115 a
1593 4048 1736 4116 Diabolo
1769 4064 1889 4130 ortum,
1920 4050 2111 4136 snperbiam
2183 4079 2184 4082 ¹

95 4144 236 4197 mortem
258 4151 381 4216 protea
400 4133 535 4218 oppetit
580 4134 713 4199 Fuisset
730 4134 817 4200 baec
838 4132 946 4218 στοργῆ
969 4134 1001 4199 in
1020 4153 1077 4198 na·
1130 4133 1367 4219 despicientem
1389 4131 1527 4201 alteram
1550 4137 1685 4223 generis
1707 4135 1841 4202 humani
1862 4147 2001 4222 partem.

95 4228 171 4283 tura
202 4219 335 4304 integra
366 4220 549 4301 ardentior,
580 4221 643 4284 sed
663 4222 788 4323 purior,
810 4232 843 4284 et
865 4219 973 4285 Deum
994 4220 1078 4284 intu·
1235 4277 1242 4291 ‚
1969 4216 1983 4239 ⁶

96 4322 172 4382 ens,
192 4305 423 4390 praedicasset
444 4305 548 4389 ipsius
571 4307 747 4372 beneucia:
780 4306 877 4372 Nunc
896 4325 962 4370 non
985 4326 1078 4390 pror·
1216 4302 2109 4394 Quareerecrandisuntllypocritae,l’ontiiiees,Car·

97 4407 157 4454 stas
188 4392 336 4456 extincta
365 4402 428 4471 est,
462 4404 496 4456 et
527 4393 572 4476 pii
605 4412 724 4478 regere
757 4412 827 4458 eam
856 4391 921 4457 fide
944 4392 1077 4457 debent.
1130 4389 1273 4469 dinales,
1294 4390 1465 4478 Episcopi,
1481 4391 1719 4479 blonacltiqui
1736 4415 1811 4460 cum
1829 4395 1900 4460 suis
1919 4393 2111 4460 libidinibus

98 4473 193 4549 Quos
214 4478 346 4563 quidem
369 4479 551 4544 domestica
574 4478 781 4544 consuetudo
799 4479 1001 4628 acsuavstas
1020 4479 1079 4543 ad·
1129 4472 1281 4627 polluant
1302 4490 1405 4544 totam
1427 4499 1536 4544 rerum
1551 4493 1713 4558 naturam,
1735 4501 1844 4569 genus
1855 4481 1944 4548 vitae
1955 4482 2112 4547 divinitus
2195 4540 2199 4549 .
2227 4546 2231 4553 ,

57 4582 60 4587 ·
96 4572 236 4627 mon'cca
268 4564 366 4630 debet
399 4565 443 4629 de
463 4582 578 4631 amore
599 4562 672 4631 Filii
695 4562 758 4629 Dei
780 4584 862 4652 erga
879 4562 949 4628 Ecc
963 4566 1079 4644 esiam,
1143 4568 1326 4643 nstitutum,
1359 4565 1596 4652 indignissimis
1630 4564 1840 4632 contumeliis
1867 4579 2020 4647 onerant,
2053 4568 2112 4632 im·

97 4659 132 4714 et
151 4648 330 4715 incendere
352 4651 499 4718 vicissim
521 4664 557 4717 ut
578 4653 685 4735 ipsum
704 4671 863 4727 amemus,
884 4652 913 4715 ei
938 4671 981 4716 ue
1004 4671 1080 4738 gra·
1130 4652 1274 4735 probant
1306 4649 1436 4730 adimis,
1468 4648 1612 4738 legibus,
1647 4662 1802 4738 tanquam
1829 4666 1951 4720 tetrum
1980 4650 2139 4720 facinus·

37 4755 46 4768 ’
97 4734 165 4801 tias
186 4755 338 4822 agnatus,
356 4738 446 4824 quod
468 4735 616 4803 abolevit
661 4748 822 4816 scitatum,
841 4673 1003 4824 quotipro
1029 4749 1080 4802 tor
1130 4731 1282 4802 afliciunt
1313 4735 1447 4824 capitali
1480 4736 1645 4824 stupplicio
1684 4736 1837 4818 bonrin'es
1875 4739 2039 4805 honestos
2070 4761 2113 4805 ao

96 4819 206 4904 ipsum
227 4821 313 4887 ltaeo
333 4823 408 4908 ipsa
429 4825 602 4912 generatio
648 4838 661 4888 t
683 4825 837 4889 mundum
862 4844 959 4908 opius.
989 4759 1027 4898 ὅ

96 4906 161 4972 ties
180 4907 354 4994 coniugem
375 4909 463 4993 piam
486 4912 569 4996 piu·
584 4911 722 4975 maritus
733 4906 976 4995 complectitur,
998 4930 1089 4998 quo·-
1130 4906 1246 4974 scelus
1269 4911 1514 4976 atrocissimum
1531 4911 1694 4997 punirent
1756 4912 1848 4978 llaec
1869 4914 2062 4979 immanitas.
2080 4923 2112 4976 et
2187 4916 2196 4930 ⁰

48 5062 55 5070 ,
97 4992 162 5059 ties
184 4994 331 5069 intuetur
358 4993 495 5076 liberos,
525 5008 701 5080 parentes,
725 4997 838 5063 veuim
870 4999 904 5062 in
936 5011 1080 5061 mentem
1131 4996 1271 5062 saevitia
1292 4997 1429 5083 proptia
1450 5010 1503 5065 est
1524 4999 1618 5086 regni
1641 4997 1851 5079 Antichdsti,
1872 4999 1962 5087 quod
1986 4998 2112 5064 Romae

96 5079 224 5146 amoris
246 5077 374 5147 Christi
394 5102 479 5172 erga
498 5079 695 5162 Ecclesiam.
760 5079 845 5150 Cum
871 5083 924 5165 pic
941 5081 1082 5148 allectae
1130 5088 1252 5163 ortum,
1285 5094 1461 5172 grassatur
1480 5084 1517 5155 in
1538 5087 1691 5152 omatibus
1712 5086 1908 5173 regionibus
1929 5083 2122 5154 Christiani·

1022 4844 1078 4889 uo·
1130 4821 1224 4907 pios,
1248 4836 1391 4909 ¹propter
1415 4820 1591 4891 honestum
1620 4827 1826 4913 coniugium,
1857 4828 1996 4911 perinde
2017 4847 2060 4895 ac
2082 4828 2113 4891 si
