4628 5588
83 105 90 117 ⁸
159 129 296 237 rrr'·
653 161 710 228 ur.
755 159 1005 261 nern'rarro
1030 140 1254 226 rnosuon
1283 154 1467 222 conans
1492 153 1670 223 nonrm.
1842 173 1845 176 ⁴
1962 262 1966 273 Ι
2114 155 2180 224 rra

66 383 74 399 ¹
160 360 195 426 bi
216 367 251 423 et
272 352 338 421 alia
360 372 510 430 munera,
543 372 628 438 qnae
661 353 943 419 distribuebantur
964 352 997 414 in
1020 368 1085 433 pau
1111 367 1144 412 e·
1195 347 1247 413 cia
1267 367 1329 432 pro
1352 343 1592 437 eisuofferimus
1614 356 1680 411 etc.
1702 347 1780 431 quia
1802 345 2099 439 inprecationibus
2123 346 2180 409 lie.-
2286 400 2297 415 ,

160 465 229 511 res.
260 441 368 507 :llaec
399 438 606 504 vocabantur
639 436 826 504 oblationes
860 449 894 502 et
920 434 1046 519 circinat.
1125 453 1145 498 e
1194 435 1251 498 bat
1279 443 1460 520 martyrum
1486 432 1621 513 mentio,
1653 443 1688 496 et
1720 433 1906 517 agebantur
1939 433 2066 516 gratim
2089 426 2179 512 Deo,
2248 477 2250 480 .

158 530 227 598 hoc
247 526 341 594 shore
360 524 509 611 loquitur
529 521 765 602 Tertullianus,
788 524 843 610 qni
864 522 974 588 adhuc
996 518 1155 606 reliqnus¹
1217 519 1284 585 nod
1307 537 1368 583 cos
1389 516 1647 582 adiuvisset.·Et
1667 518 1877 604 Augustinus
1900 518 1942 581 ad
1965 519 2179 603 quaestiones
2252 580 2259 588 ,

160 627 233 684 erat
255 616 298 680 ab
311 611 445 678 ethnico
457 612 532 690 ritu,
554 612 654 696 quiin
668 607 834 675 natalibus
852 619 885 673 et
902 607 1076 674 funeribus
1089 607 1145 672 da·
1194 541 1345 671 huicine
1381 602 1465 669 Cum
1486 602 1653 670 sacrificia
1673 606 1747 669 sive
1767 592 1900 683 altaris,
1933 607 2006 669 sive
2026 622 2180 690 qtrarmn·

159 706 242 771 bant
263 696 380 787 epulas
401 698 436 762 in
457 694 610 783 templis,
643 698 706 762 sed
727 693 791 762 bae
823 705 942 781 postea
958 693 1145 778 prohibitae
1195 712 1327 777 cunque
1348 686 1636 776 eleemosynarum
1658 712 1720 775 pro
1743 691 1920 775 baptizatis
1941 688 2107 757 defunctis
2130 690 2179 757 ot·
2266 687 2289 702 ‘'

162 798 251 857 suut.
296 786 351 851 Ac
383 804 425 850 ex
446 783 522 868 ipso
543 781 749 850 Tertulliano
771 793 804 848 et
826 779 900 845 aliis
923 781 1144 864 scriptoribus
1194 774 1344 855 ierimus,
1367 777 1546 863 gratiarum
1568 778 1721 842 actiones
1744 789 1821 842 sunt
1851 786 1916 842 etc.
1961 777 2054 849 Sicut
2082 791 2115 842 et
2138 777 2181 842 de

159 898 181 941 a
203 884 312 959 parm,
333 866 502 939 sacrificia
523 890 584 933 sen
606 864 809 934 oblationem
831 887 892 951 pro
916 868 1053 931 mortuis
1076 886 1143 931 nou
1195 864 1391 931 ceremoniis
1424 859 1578 928 funerum
1600 864 1717 929 scribit
1741 862 1941 951 Dionysius,
1961 863 2053 950 quod
2072 882 2178 949 popu·
2278 911 2285 935 ,

194 962 225 1026 ci
249 979 346 1026 usum
367 956 515 1035 Missae,
547 955 609 1020 sed
643 974 762 1039 preces
785 966 819 1018 ct
840 953 1021 1040 gratiarum
1043 954 1144 1018 actic-
1194 949 1250 1017 lus
1272 951 1387 1015 iussus
1409 950 1453 1015 sit
1476 949 1604 1037 gratiss
1626 970 1730 1035 agere
1749 951 1783 1014 in
1805 951 1980 1035 precibus,
2011 948 2100 1037 quod
2119 952 2179 1036 qui

159 1066 246 1114 nem.
292 1043 351 1110 stc
372 1043 460 1109 enim
492 1041 595 1128 inquit
627 1037 851 1106 Tertullianus
884 1041 928 1104 ad
949 1035 1144 1124 Scapadmrr
1195 1033 1373 1103 defunctus
1394 1047 1485 1114 erat,
1518 1037 1571 1120 pie
1593 1037 1862 1122 decessisseter
1884 1035 1950 1101 hac
1967 1037 2043 1101 vita.
2088 1035 2181 1103 llaec

160 1130 409 1199 Sacrificiamns
431 1149 493 1212 pro
521 1125 631 1193 salute
652 1125 883 1212 imperamris,
917 1123 1048 1190 scilicet
1068 1121 1143 1188 Deo
1218 1121 1297 1189 lane
1318 1122 1517 1188 dissentiunt
1538 1124 1581 1188 ab
1611 1123 1718 1205 impiis
1740 1124 1935 1189 commentia
1957 1124 2191 1190 macenn-

160 1226 336 1285 nostro·et
357 1214 474 1300 ipsius,
497 1214 559 1278 sed
582 1214 747 1300 quomodo
768 1212 929 1297 praecipit
949 1209 1058 1290 Dens,
1079 1210 1145 1274 fide
1194 1147 1239 1275 he
1258 1208 1454 1296 purgatorio
1470 1221 1505 1273 et
1527 1196 1695 1274 oblatione
1715 1207 1911 1288 Missurum,
1943 1210 1988 1275 ed
2014 1211 2180 1276 adimas»

46 1330 50 1338 ·
160 1321 255 1390 pura.
300 1302 358 1367 Sic
380 1308 417 1367 ei
435 1299 478 1365 dc
500 1299 702 1386 martyribus
723 1296 989 1385 aitCyprianua:
1012 1294 1145 1364 Sacriii·
1196 1296 1258 1361 das
1279 1314 1407 1388 poenes
1429 1306 1645 1361 mortuorum.

817 1592 892 1678 nn
923 1592 1093 1720 unsa
1124 1590 1467 1680 marcaon.

245 1896 481 1967 Existimamus
512 1909 625 1964 eutem
656 1898 866 1964 mediocriter
894 1899 1043 1963 ariditas
1075 1918 1142 1964 uon
1196 1895 1337 1983 gloriam
1359 1894 1485 1962 Christi
1508 1908 1645 1976 ommi,
1673 1908 1707 1962 et
1727 1916 1813 1966 snae
1835 1910 1869 1964 et
1889 1894 2063 1965 Ecclesiae
2078 1896 2180 1965 solati

161 1983 363 2053 deimsuros'
382 1981 513 2070 impiam
532 1984 721 2069 opinionem
743 1985 786 2049 de
807 1982 1049 2069 applicatione,
1081 1985 1141 2051 sed
1197 1981 1384 2063 consulant,
1406 1984 1639 2049 necadiuvent
1659 1984 1789 2071 bapino,
1811 1985 1866 2072 qui
1879 1981 2180 2053 bellumedverstts
2234 1984 2238 1989 ’
2292 2036 2296 2041 -

162 2075 365 2141 decursuros
378 2071 421 2135 ad
433 2071 599 2155 quandam
611 2068 816 2136 subtiliorem
825 2072 1142 2156 interpretationem,
1196 2068 1365 2137 Christum
1386 2082 1520 2158 gaunt,
1541 2081 1576 2135 et
1599 2068 1822 2138 idololatriam
1846 2067 2037 2139 defenduut.

158 2160 283 2238 dicent,
304 2177 344 2224 se
363 2154 452 2226 hauc
473 2155 697 2221 ceremoniam
719 2159 874 2233 retinere,
891 2176 958 2221 non
982 2168 1017 2221 ut
1037 2155 1143 2246 appli-
1312 2199 1316 2208 ·
2182 2214 2190 2234 ,

12 2251 19 2261 “
161 2256 239 2311 cent
285 2265 329 2309 ro*
344 2239 436 2323 aliis,
471 2243 531 2308 aed
553 2255 589 2307 nt
611 2238 656 2307 ibi
677 2252 779 2328 agant
802 2243 938 2329 gratias.
983 2240 1142 2328 Disputa·
1281 2241 1379 2308 Nunc
1399 2243 1592 2308 adlicientur
1614 2245 1750 2309 brevem
1773 2256 1807 2311 et
1827 2246 2037 2330 perspicuam
2054 2243 2189 2310 reiut&

162 2333 244 2397 bunt
259 2264 366 2392 licere
386 2329 442 2395 uni
466 2330 593 2416 gratias
616 2346 717 2431 agere
738 2328 803 2393 hoc
825 2324 1032 2413 spectaculo,
1054 2331 1141 2394 atsi
1193 2325 1429 2395 tionem-illius
1451 2329 1657 2416 sophisticae
1678 2328 2117 2397 murmannulltsmmn.

162 2436 249 2503 unns
267 2411 396 2503 legeret
416 2412 587 2482 Psalmum
608 2413 652 2479 air
676 2435 761 2482 uem.
782 2414 906 2481 Postea
927 2415 1054 2479 addunt
1069 2436 1143 2501 pre·
1798 2414 1804 2427 ⁴
2111 2439 2117 2449 ·

21 2497 55 2579 '..
161 2514 302 2586 ces'pro
323 2505 464 2567 mortuis
486 2514 520 2568 et
537 2499 624 2569 aliis.
706 2502 838 2569 auium
859 2498 974 2568 valere
991 2520 1052 2585 per
1073 2520 1143 2567 rno-

159 2587 237 2664 dum
253 2584 412 2672 suffragii.
1500 2669 1503 2675 Ι
1590 2662 1599 2678 0
1786 2665 1794 2680 ·
1851 2622 1855 2628 ·

376 2734 379 2738 ,
511 2720 513 2726 .
688 2675 691 2681 ’
1535 2662 1670 2744 ane
1700 2661 1834 2745 Retro.

241 2750 316 2820 lise
337 2753 521 2821 subtilitate
542 2757 683 2903 plnlm
702 2758 843 2833 abusus,
861 2766 895 2819 et
916 2775 1071 2841 nregnarn
1092 2758 1141 2822 in·

292 2840 411 2905 audem
489 2852 562 2907 tant
579 2853 613 2906 ta

92 2907 99 2920 ‚
278 2838 291 2904 l
626 2862 658 2905 ra
690 2841 897 2927 sophismata
936 2843 1139 2928 excogitare.
1543 2859 1544 2863 ’
2134 2902 2137 2909 .

155 2840 336 3081 ΨΜ
357 2863 500 2993 stolirllls
521 2928 620 3005 esse,
655 2926 710 3013 qui
742 2929 805 2992 lros
827 2925 927 2992 sucos
949 2947 1016 2991 nou
1036 2928 1140 2994 admi·
1278 2926 1372 2994 llaec
1393 2926 1578 3014 sophistice
1598 2938 1726 2995 turtum
1747 2928 1989 3011 eat-sinulatio,
2009 2933 2176 3019 streipsa

233 3033 283 3078 ur.
327 3010 459 3079 Deinde
481 3014 657 3081 saevitiem
683 3014 847 3079 adversm
870 3014 946 3097 pios
969 3025 1139 3094 exercent,
1190 3025 1326 3079 manent
1432 3035 1470 3081 ro
1502 3015 1605 3096 vitia,
1638 3014 1819 3168 rppflplicstio
1852 3029 1888 3083 et
1919 3017 2031 3103 opinio
2057 3017 2174 3103 operm

155 3100 213 3208 qui
231 3098 378 3203 ‘arpenne
398 3098 615 3186 profiteatur,
647 3120 694 3204 se⁸
717 3099 899 3166 abhorrere
935 3095 1140 3206 abidolols·
1191 3101 1337 3207 operptiz
1391 3103 1515 3208 etinent
1537 3101 1623 3168 enirn
1695 3105 1887 3184 numam-in
1909 3120 1977 3190 qno
1998 3104 2171 3210 expressis

155 3182 1140 3359 molebaminitblittfflenltibii}
1189 3186 1727 3363 iildrrbtlt‘ttdin
1749 3191 2175 3364 lenitatem
2237 3264 2276 3315 ’-

39 3415 45 3426 ,
155 3358 256 3426 Peter
277 3358 451 3425 sanctifice
472 3378 532 3423 eos
554 3362 588 3424 in
612 3361 764 3439 veritate,
781 3379 892 3423 sermo
915 3371 992 3426 tuus
1014 3362 1139 3424 veritus
1191 3360 1235 3425 eit
1267 3380 1353 3444 opus
1385 3383 1561 3428 commuue
1590 3360 1709 3430 valens
1728 3384 1792 3449 pro
1814 3363 1902 3443 aliis,
1924 3374 1958 3428 et
1978 3365 2109 3450 quidem
2131 3384 2174 3429 eu

155 3458 220 3550 ast,
238 3465 283 3549 ee
304 3445 740 3588 prpcemunntEcclesiam
762 3442 885 3510 liberes
906 3449 950 3552 ab
972 3447 1061 3513 omni
1082 3466 1138 3510 so·
1190 3467 1294 3532 opere
1316 3460 1465 3533 operato.
1511 3447 1649 3553 filioqui
1670 3471 1732 3555 cnr
1753 3449 1870 3556 fieret?
1892 3470 1954 3516 cur
1975 3450 2173 3516 sacedotes

154 3530 824 3698 mirantimiranti
841 3531 1137 3704 ‘titillent
1188 3533 1988 3707 {eliminabit‘nn‘nniiiiin
2005 3534 2173 3688 stibii

21 3739 27 3750 ·
155 3715 188 3769 et
207 3701 284 3768 aliis
306 3705 588 3790 gubernatoribus
611 3707 943 3785 auranteutveritatis‚
961 3720 994 3770 et
1007 3704 1151 3792 gloriae,
1189 3707 1288 3771 dubie
1307 3706 1532 3787 idololatriae,
1554 3705 1673 3794 procul
1691 3710 1777 3775 enim
1799 3712 1967 3775 receditur
1988 3709 2171 3774 abinstits-
2250 3716 2259 3730 ⁸

155 3788 219 3855 Dei
242 3791 454 3870 servientem,
475 3792 509 3856 in
531 3791 692 3880 religione
714 3793 957 3871 constituenda,
973 3811 1040 3856 non
1063 3788 1136 3856 ahie
1189 3803 1223 3857 to
1246 3791 1381 3858 Christi.
1424 3788 1471 3860 Ut
1490 3806 1601 3860 astera
1622 3795 1666 3860 de
1688 3796 1806 3860 samis
1829 3798 1963 3861 dicitur:
1986 3793 2080 3860 Deus
2104 3815 2172 3861 nou

10 3868 13 3877 ’
102 3938 107 3949 ,
154 3873 369 3943 militantibus:
402 3879 511 3964 Saepe
532 3880 618 3944 enirn
635 3880 769 3957 accidit,
790 3891 827 3942 ut
849 3879 1021 3961 Principes
1042 3877 1136 3945 iniie-
1188 3879 1295 3965 stragis
1317 3879 1450 3945 mandit
1473 3882 1516 3945 ad
1539 3893 1663 3947 certa-
1685 3893 1829 3948 statuam
1850 3903 1950 3968 quarn
1972 3879 2070 3955 alibi,
2091 3882 2189 3968 quis·

111 4034 119 4048 Ι
155 3973 247 4027 etant
268 3959 449 4049 religiones
471 3964 515 4029 ad
538 3983 632 4030 suem
654 3964 840 4031 utilitatem.
873 3963 1059 4030 Pontih'ces
1076 3984 1136 4031 vo·
1187 3985 1255 4030 non
1277 3979 1333 4031 est
1352 3962 1542 4053 alligandus
1565 3988 1624 4048 eo,
1657 3989 1724 4054 qno
1744 3988 1784 4033 se
1805 3987 1873 4034 aaa
1893 3966 2046 4056 alligavit
2066 3970 2194 4034 verbc¹
2247 3972 2254 3986 “

152 4044 227 4117 lunt
248 4045 420 4117 defensam
441 4049 594 4128 Missam,
616 4063 755 4136 propter
775 4052 968 4139 dignitatem
984 4071 1080 4115 suam
1102 4060 1135 4115 et
1187 4072 1263 4130 sao,
1286 4051 1566 4119 ltaSacramcuta
1588 4067 1683 4121 extra
1705 4075 1814 4134 nsum,
1836 4057 1878 4122 ad
1901 4076 2000 4142 quem
2021 4056 2170 4120 instituta

154 4142 340 4220 amasium.
388 4132 518 4221 Vulgus
550 4147 640 4201 arnat
671 4136 816 4215 blissas,
848 4137 925 4224 qnia
943 4149 1037 4221 putat
1057 4156 1136 4202 esse
1187 4149 1277 4218 sunt,
1310 4158 1377 4203 uon
1410 4150 1490 4203 sunt
1512 4140 1742 4222 Sacramenta,
1777 4143 1838 4207 sed
1872 4143 1982 4207 otiosa
2016 4154 2049 4205 ct
2069 4141 2170 4226 impia

153 4240 317 4306 praesens
339 4223 518 4287 remedium
539 4222 702 4288 adversus
719 4225 832 4288 omnia
848 4221 949 4301 mals,
971 4223 1058 4287 sicut
1077 4242 1136 4288 na·
1187 4244 1205 4288 s
1229 4222 1394 4304 ectscala,
1426 4236 1463 4290 ut
1483 4246 1573 4292 nuuc
1594 4226 1727 4293 ludaico
1748 4232 1805 4293 ant
1826 4224 1968 4294 'lhrcica
1991 4225 2171 4293 Circumci-
2288 4265 2297 4297 r

153 4319 229 4373 nure
250 4305 419 4372 hominurn
440 4327 546 4393 prona
567 4322 620 4375 est
641 4310 684 4373 ed
705 4305 1137 4375 idololatriametiiduciam
1187 4331 1250 4376 stc.
1295 4308 1415 4385 Qualis
1448 4311 1548 4397 igitur
1570 4315 1613 4379 sit
1636 4317 1786 4380 adoratio
1804 4316 1838 4378 iu
1860 4313 1965 4379 Missa
1990 4313 2170 4399 Papi-tica,

154 4412 402 4542 opernmdeum
423 4412 540 4533 agrem
559 4394 658 4460 iidem
670 4406 744 4461 ‘nec
760 4393 942 4546 {pitellipam
975 4415 1038 4547 law
1060 4396 1135 4547 spti-
1188 4394 1285 4546 ippile
1317 4394 1464 4504 iudicari
1488 4409 1625 4549 potest,¹
1650 4403 1707 4466 ubi
1741 4415 1944 4508 concurrunt
1976 4413 2043 4508 terp
2068 4396 2171 4466 mults
2214 4420 2218 4431 ·

153 4491 418 4630 iiiiii&
444 4493 598 4651 ‘tile‘
618 4492 977 4633 retinebitis
1001 4494 1135 4632 {iti}
1188 4503 1299 4653 tite
1313 4486 1611 4655 witmari
1626 4484 1924 4652 iittlll‘iiii
1944 4500 2171 4640 mitti

154 4664 289 4737 propter
323 4587 601 4737 tranquillitatem.
646 4648 737 4717 ldeo'
756 4655 910 4719 omnibus
932 4665 996 4719 tern
1022 4655 1136 4720 oribus
1188 4654 1369 4740 Papistico,
1401 4669 1436 4723 et
1468 4668 1598 4723 retento
1621 4656 1766 4725 Canens.
1819 4657 1912 4726 llaec
1945 4672 2024 4726 sunt
2055 4656 2171 4726 claris-

91 4796 96 4803 .
154 4756 275 4823 magna
296 4759 377 4822 pars
395 4739 602 4823 Principum,
635 4738 831 4804 Pontificum
865 4752 898 4805 et
917 4676 1047 4827 populi,
1079 4740 1135 4804 nd·
1187 4742 1282 4807 sima.
1498 4790 1501 4795 »

153 4835 289 4888 versata
322 4835 375 4888 est
401 4825 541 4890 veritati.
598 4825 662 4892 Sed
695 4836 805 4890 tamen
826 4822 923 4890 Deus
957 4829 1135 4891 restituens

29 4922 40 4939 ·
153 4906 359 4988 Ecclesiam,
393 4908 525 4997 aliquos
557 4930 599 4974 ex
632 4911 785 4976 omnibns
818 4913 988 4978 ordinibus
1022 4923 1135 4990 vocat,

18 5046 22 5052 .
154 4996 209 5081 qui
234 4997 414 5082 emergenti
437 4997 567 5062 veritati
585 4998 852 5082 patrocinentur:
884 5017 951 5082 quo
973 4998 1007 5062 in
1025 5017 1134 5062 nume
1209 5024 1212 5029 ’

154 5102 194 5146 ro
216 5081 338 5147 utinam
361 5084 460 5156 etianr
481 5104 571 5149 urrnc
588 5080 689 5169 aliqui
710 5081 824 5172 Reges
847 5103 924 5148 esse
946 5082 1069 5164 velint,
1100 5093 1138 5148 nt

887 5428 897 5439 ‚
933 5388 954 5425 θ
