4628 5588
129 163 195 230 777
464 118 482 244 J
766 161 810 227 r.
837 161 1104 239 7777777777
1127 162 1329 273 smmum
1350 162 1510 231 777777.
1865 236 1866 239 ¹
2045 170 2147 239 777

129 372 183 418 777
204 350 238 414 17
261 351 314 416 die
336 346 573 430 tribulationiS,
602 360 636 417 et
662 350 798 436 eripiam
819 362 871 432 77,
892 362 927 418 77
948 349 1114 439 glorifica·
1165 363 1317 418 servetur
1329 350 1496 431 Ecclesia,
1519 350 1771 438 necampliiicat
1788 355 1917 436 merita,
1940 356 2146 442 sedsemper

130 439 183 505 bis
206 456 269 502 rue·
407 458 417 470 ·
855 508 859 517 ¹
1164 437 1510 525 simulindignltatem
1533 441 1697 523 propriam
1719 438 1853 520 latetur,
1875 442 1961 507 sicut
1979 442 2078 508 lacob
2097 445 2146 510 in·

505 592 508 597 ,
641 584 644 597 ,
1163 526 1234 609 quit
1256 525 1379 590 (177777.
1402 524 1452 591 31.
1487 526 1597 591 Minor
1627 548 1701 592 sum
1724 529 1854 592 cunctis
1875 530 2146 596 miserationibus

217 607 343 682 Quarta
365 628 484 686 cansa,
512 606 594 673 Vult
616 605 710 672 Deus
737 609 979 693 promissiones
1005 610 1112 674 bono·
1162 613 1240 689 tuis,
1262 624 1297 676 77
1318 612 1420 690 videt,
1441 626 1567 697 quatita
1590 614 1677 677 bona
1699 625 1900 699 sequantur,
1927 627 1964 681 ut
1986 637 2061 681 cum
2085 615 2146 679 Sa·

127 717 201 762 rum
230 691 819 779 corporalium·commonefactiones
851 715 929 760 esse
961 696 1002 759 de
1034 717 1111 779 pro·
1162 710 1300 780 reptana
1334 699 1433 775 vidua
1467 698 1557 763 dedit
1580 699 1690 764 cibum
1722 699 1849 764 Heliae.
1902 700 1959 765 Sic
1999 703 2146 767 sciamus

127 782 288 848 missione
332 782 482 868 gratiae,
526 783 603 866 quia
648 784 733 845 bona
767 779 966 866 corporalia·
988 782 1112 847 dantur
1163 785 1261 848 etiam
1279 806 1379 849 unum
1400 781 1531 869 lapsum
1553 785 1648 870 sequi
1669 784 1950 872 longarnlliadem
1967 786 2147 855 multorum

126 878 265 954 propter
304 868 560 952 promissionem
601 869 746 952 gratiae,
781 881 917 952 propter
949 867 1112 933 blediato·
1162 866 1340 949 scelerum,
1363 882 1397 935 et
1418 869 1594 936 multarum
1617 870 1851 952 calamitatum,
1873 885 1909 939 77
1934 872 2075 939 Davidis
2096 870 2146 941 la·

127 976 197 1021 rem
242 965 276 1018 et
310 950 541 1017 collectionem
574 952 749 1018 Ecclesiae
793 975 857 1017 nec
896 966 1006 1039 potest
1040 955 1111 1019 6771
1162 978 1246 1041 psus
1270 958 1433 1036 ostendit,
1464 968 1498 1022 et
1519 957 1683 1022 Diabolus
1711 959 1872 1024 insidians
1894 980 1961 1025 non
1985 972 2037 1025 777
2067 980 2148 1024 cou-

10 1054 13 1063 ’
126 1041 296 1107 invocatio
319 1060 360 1104 ac
377 1041 489 1123 petitio
508 1041 669 1104 bonorum
683 1037 916 1124 corporalium,
937 1041 1000 1104 nisi
1019 1042 1111 1126 prius
1162 1054 1274 1107 tentus
1297 1064 1363 1107 uno
1385 1041 1500 1127 lapsu,
1529 1045 1591 1110 sed
1613 1042 1749 1131 longam
1770 1043 1870 1112 telam
1893 1048 1985 1112 777717.
2030 1046 2146 1133 Sequi·
2212 1044 2218 1055 '

127 1124 340 1212 apprehensa
363 1127 481 1211 gratia.
517 1126 657 1210 Semper
678 1127 778 1212 igitur
799 1128 831 1189 iu
854 1127 1013 1210 petitione
1036 1147 1111 1191 cor·
1163 1140 1217 1195 tur
1239 1131 1354 1216 quinta
1376 1128 1549 1204 Quaestio.

124 1209 290 1299 puralium
320 1214 482 1277 bonorum
517 1210 616 1275 sinml
643 1213 821 1297 cogitanda
851 1223 905 1277 777
932 1214 1110 1296 promissio

127 1300 267 1392 gratiae,
295 1308 332 1362 ut
353 1299 492 1363 accendi
514 1296 618 1376 fides,
651 1310 684 1362 77
708 1296 780 1361 6771
803 1299 970 1364 invocatio
992 1300 1110 1382 possit.

105 1468 108 1472 ’
214 1469 400 1535 Ε777777777
432 1482 542 1533 autem
581 1479 613 1534 et
648 1468 864 1534 7776777777
892 1469 976 1533 67177
1003 1466 1111 1534 multi·
1248 1484 1252 1493 “
1312 1418 1376 1485 DE
1396 1417 1656 1486 DISCRIMINE
1678 1419 1995 1487 PECCATORUM'

127 1553 273 1641 pliciter,
304 1551 507 1640 generaliter
529 1566 562 1619 et
591 1555 814 1638 specialiter.'
838 1556 981 1620 Primum
1011 1577 1111 1642 gene·
1163 1560 1279 1666 Quae
1315 1576 1485 1676 peccata
1522 1576 1617 1647 sunt
1646 1565 1799 1674 reliqua
1836 1565 1879 1648 jn
1917 1565 2066 1652 renatis
2103 1567 2146 1652 in

126 1640 259 1720 raliter‚
293 1643 371 1726 quia
398 1654 517 1725 petens
545 1643 629 1705 baec
661 1644 746 1706 bona
780 1643 936 1791 agnoscit
967 1663 1009 1707 ea
1043 1663 1109 1707 non
2067 1655 2068 1659 ’

113 1743 210 1794 Ι77777
227 1729 354 1877 spargi,
377 1729 437 1791 scd
461 1748 540 1792 vere
562 1750 581 1792 a
601 1728 674 1791 De'o
696 1729 779 1806 dari,
816 1730 959 1792 7777177
981 1730 1109 1793 7777771
1188 1753 1189 1756 “
1536 1687 1614 1767 hae
1643 1685 1760 1769 vlia?

126 1816 224 1882 etiam
271 1834 337 1876 777
359 1811 568 1896 corporalem
592 1816 708 1892 vitam,
742 1827 777 1878 77
806 1815 837 1877 17
866 1812 931 1878 bac
954 1814 1021 1878 vita
1047 1814 1110 1877 Ec-

110 1898 231 1986 clesia
253 1919 332 1963 esse
354 1902 473 1984 possit,
495 1896 634 1964 soboles
657 1901 702 1963 ali
724 1902 918 1978 77177771771,
952 1899 1110 1964 77177771·
1248 1897 1462 1982 Responderi.
1495 1897 1533 1962 ln
1555 1901 1682 1965 renatis
1705 1912 1783 1965 7777
1804 1897 1933 1987 reliqua
1950 1898 2054 1967 multa
2070 1923 2148 1988 pec-

125 2006 188 2051 nes
210 1987 280 2069 regi
302 1988 452 2069 possint,
480 1986 570 2050 iuxta
593 1987 732 2050 dictum:
767 1989 840 2070 lpse
863 2000 915 2050 est
937 1988 1005 2050 vita
1038 1999 1109 2064 tua,
1162 1997 1256 2064 cata,
1289 1987 1348 2048 sed
1372 2006 1438 2050 non
1462 1996 1580 2051 contra
1610 1988 1868 2066 conscientiam,
1903 2008 1966 2051 nec
1995 1986 2147 2057 defensio

128 2081 161 2136 77
182 2069 355 2156 longitudo
378 2073 505 2135 dierum
528 2085 668 2138 tuorum.
713 2069 806 2149 item,
832 2072 866 2135 ln
889 2074 963 2156 ipso
980 2091 1109 2148 777777,
1161 2068 1400 2145 salsiarticuli
1423 2084 1542 2136 contra
1573 2070 1832 2138 fundamentum.
1873 2074 2014 2139 Nomine
2037 2089 2148 2142 autem

127 2159 268 2221 vivimus
298 2169 331 2222 et
359 2178 538 2222 movemur.
582 2159 625 2222 Et
657 2159 870 2222 7776777777
902 2158 999 2235 67177,
1033 2179 1110 2222 7777
1160 2157 1421 2235 tundamentum,
1448 2155 1611 2223 articulos
1633 2159 1805 2224 doctrinae
1835 2162 2062 2239 necessarios,
2081 2161 2149 2226 De·

126 2240 278 2308 liberatio
301 2257 357 2308 aut
380 2246 446 2307 miti
473 2256 539 2308 atro
564 2241 761 2313 calamitatis
784 2244 929 2307 ostendit
951 2263 1109 2328 praescn-
1162 2242 1340 2329 calogum,
1371 2241 1628 2309 Promissionem
1672 2246 1823 2330 gratiae,
1869 2259 1902 2311 et
1936 2244 2145 2332 Symbolum,

127 2331 205 2394 tiam
228 2325 302 2404 Dei,
325 2330 416 2394 iuxta
447 2267 586 2394 dictum:
622 2330 688 2395 iste
710 2350 837 2413 pauper
866 2327 1040 2407 7177777717,
1075 2340 1110 2392 77
1161 2333 1251 2395 iuxta
1291 2327 1428 2395 dictum:
1457 2329 1719 2396 Fundamentum
1753 2328 1842 2397 aliud
1871 2334 1953 2417 poni
1987 2352 2054 2397 non
2088 2355 2147 2418 po·

125 2414 289 2480 Dominus
312 2417 479 2480 exaudivit
498 2437 584 2481 eum.
620 2415 719 2480 Pater
741 2428 773 2478 et
795 2415 904 2480 1117177
926 2413 1109 2500 derelique·
1161 2428 1246 2494 test,
1289 2426 1422 2498 praeter
1465 2415 1499 2480 id
1538 2419 1628 2501 quod
1662 2418 1806 2499 positum
1846 2432 1912 2497 est,
1957 2420 2049 2503 quod
2092 2431 2147 2487 est

124 2515 202 2566 runt
223 2522 294 2578 me,
323 2500 486 2566 Dominus
509 2515 617 2566 autem
640 2504 798 2566 assumsit
821 2522 883 2566 777.
929 2503 1109 2586 Castigens
1162 2501 1316 2566 Christus
1350 2505 1477 2566 17777.
1521 2499 1641 2567 117777
1679 2504 1781 2589 igitur
1813 2504 1847 2568 in
1886 2517 2005 2568 renato
2054 2502 2147 2572 lucet

126 2588 304 2672 castigavit
325 2607 389 2665 777,
412 2599 445 2652 77
466 2590 564 2651 morti
587 2610 653 2652 non
676 2588 809 2652 tradidit
836 2609 899 2653 me.
942 2588 1016 2653 Non
1040 2609 1109 2651 mo·
1161 2587 1279 2664 Fides,
1311 2608 1372 2652 seu
1397 2582 1656 2653 Fundamentum
1684 2609 1750 2659 non
1781 2587 2004 2655 labefactatur
2032 2589 2147 2656 delen·

124 2674 203 2751 7177,
226 2674 286 2737 sed
309 2675 436 2743 viram.
468 2685 500 2736 et
521 2676 666 2737 narrabo
696 2694 799 2757 opera
826 2673 972 2737 Domini.
1017 2678 1107 2753 item,
1161 2675 1257 2738 sione
1278 2671 1463 2751 idolorum,
1486 2685 1543 2736 aut
1565 2674 1653 2758 impii
1677 2675 1863 2761 dogmatis,
1886 2687 1919 2739 et
1940 2678 2147 2742 conscientia

124 2757 378 2825 Misericordiae
397 2757 550 2839 Domini,
583 2760 672 2845 quod
706 2779 774 2824 non
796 2762 960 2825 consumti
982 2780 1108 2825 sumus.
1160 2780 1227 2822 non
1251 2772 1304 2823 est
1332 2761 1446 2823 sancia
1472 2756 1571 2842 lapsu
1596 2772 1713 2824 contra
1742 2759 1863 2845 Legem
1892 2760 1974 2841 Dei,
2007 2775 2145 2828 renatus

1161 2855 1271 2908 manet
1293 2845 1325 2907 in
1349 2845 1468 2930 gratia,
1491 2845 1610 2908 retinet
1630 2845 1788 2928 Spiritum
1808 2858 1971 2922 sanctum,
1995 2860 2046 2911 est
2061 2860 2144 2913 tem·

1159 2927 1250 3015 plum
1279 2929 1363 3009 Dei,
1397 2941 1429 2993 et
1464 2930 1584 2995 bacrcs
1613 2931 1702 2995 vitae
1735 2944 1902 2996 aeternae.
1947 2931 2146 3018 Quanquam

211 3013 342 3080 Deinde
383 3015 576 3100 specialiter
613 3026 787 3081 exercetur
826 3027 860 3080 et
893 3015 1108 3081 confirmatur
1160 3018 1246 3080 enim
1264 3019 1296 3081 in
1325 3036 1365 3079 eo
1387 3015 1524 3081 muitum
1553 3013 1705 3104 caliginis
1729 3030 1799 3096 est,
1828 3030 1861 3083 77
1883 3015 1977 3082 multi
1999 3032 2076 3083 sunt
2099 3020 2147 3083 vi·

125 3101 230 3181 fides,
254 3105 332 3188 quia
353 3085 449 3166 Deus
474 3101 544 3167 rult
565 3103 652 3167 baec
675 3101 863 3186 corporalia
886 3101 1108 3168 commonefa·
1160 3104 1237 3167 tiosi
1259 3102 1411 3180 71177777,
1434 3113 1469 3167 77
1489 3100 1591 3167 777177
1608 3115 1749 3186 peccata
1770 3105 1978 3189 ignorantiae
1995 3119 2029 3170 77
2046 3107 2146 3170 77717·

126 3190 254 3253 7717777
272 3209 349 3253 esse
367 3192 408 3253 de
427 3191 645 3266 invocatione,
669 3203 704 3253 ut
714 3187 812 3253 simul
825 3191 867 3253 717
886 3192 1109 3274 promissione
1161 3180 1284 3252 7177177
1306 3200 1414 3252 tamen
1439 3190 1557 3253 retinet
1578 3190 1703 3267 Fidem,
1726 3203 1760 3255 et
1777 3203 1940 3276 repugnat
1962 3188 2058 3255 salsis
2077 3192 2147 3275 opi·

126 3277 253 3360 gratiae
276 3278 451 3361 cogitetur.
496 3277 571 3340 Non
596 3278 680 3339 enim
703 3289 814 3357 potest
837 3277 906 3341 6771
928 3277 1107 3359 invocatio,
1161 3277 1328 3354 nionibus,
1350 3288 1382 3338 et
1403 3276 1517 3359 pravis
1540 3275 1725 3341 affectibus.
1771 3274 2158 3362 17177117771771777771777

125 3363 188 3425 nisi
211 3358 426 3446 praelucente
448 3362 512 3426 bac
535 3361 619 3439 fide,
652 3364 742 3445 quod
766 3361 859 3426 Deus
887 3383 950 3427 nos
973 3375 1110 3447 propter
1162 3362 1197 3426 Si
1231 3363 1381 3426 actiones
1416 3363 1526 3427 carnis
1559 3361 1684 3446 Spiritu
1717 3363 1975 3439 mortificabitis,
2015 3364 2145 3428 vivetis.

125 3446 341 3513 blediatorem
364 3449 468 3532 gratis
492 3451 630 3530 recipiat
657 3461 690 3511 et
713 3450 882 3512 7777771177..
923 3448 1026 3513 Simul
1050 3449 1109 3533 igi·
1161 3446 1203 3512 Et
1235 3448 1278 3511 ad
1300 3445 1442 3510 'l'imotb
1466 3450 1596 3530 integre
1624 3448 1874 3532 comprehendit
1903 3450 2029 3525 onmia,
2058 3469 2146 3532 quae

125 3542 179 3597 tur
215 3534 298 3597 baec
333 3532 490 3618 specialis
530 3534 615 3600 fides
649 3535 691 3598 717
725 3535 831 3620 gratia
869 3547 1044 3599 exercetur
1075 3544 1110 3599 et
1161 3535 1193 3597 in
1216 3547 1333 3596 renato
1356 3552 1434 3595 esse
1456 3546 1608 3618 oportet,
1637 3554 1711 3597 cum
1737 3536 1856 3618 inquit:
1890 3531 1994 3597 lllilita
2025 3536 2146 3599 bonam

127 3618 352 3685 confirmatur.
1161 3617 1320 3697 militiam,
1342 3620 1491 3683 retinens
1509 3617 1607 3683 fidem
1628 3630 1662 3683 77
1685 3621 1806 3683 bonam
1829 3622 2080 3684 conscientiam.

213 3789 334 3862 Quinta
357 3812 478 3870 causa,
511 3788 580 3855 Cur
606 3791 748 3856 traditae
775 3790 841 3854 7177
868 3791 1109 3875 promissiones
1239 3791 1319 3858 ,Nec
1342 3791 1556 3876 cogitandum
1576 3799 1629 3852 est
1655 3786 1743 3854 levia
1766 3792 1949 3855 certamina
1972 3810 2067 3868 esse,
2092 3809 2144 3857 re·

127 3876 332 3961 corporales,
354 3890 389 3943 ut
411 3879 474 3942 bae
492 3878 707 3942 liberationes
726 3879 996 3941 7177777717777717
1014 3898 1109 3961 prae·
1128 3923 1130 3927 ψ
1163 3878 1267 3942 tinere
1288 3877 1551 3953 fundamentum,
1569 3887 1686 3939 contra
1708 3872 1944 3942 tumultuantes
1967 3877 2144 3941 dubitatio·

126 3967 253 4027 7777177
265 3963 328 4028 1171
351 3966 383 4028 in
397 3962 563 4041 Ecclesia,
587 3966 676 4028 iuxta
698 3965 783 4030 baec
801 3959 899 4028 dicta.
918 3965 945 4027 1.
961 3962 1042 4048 lleg.
1059 3964 1108 4027 17.
1163 3985 1222 4028 777
1245 3964 1395 4040 777177717,
1415 3974 1448 4026 77
1470 3973 1587 4026 777777
1610 3963 1724 4026 varios
1746 3960 1888 4047 laqueos
1911 3961 2142 4028 Diabolomm.

125 4047 171 4113 Ut
194 4052 279 4114 sciat
301 4053 532 4127 omnisterra,
555 4052 642 4134 quod
666 4052 706 4113 sit
722 4049 816 4113 Deus
839 4053 870 4114 in
885 4048 998 4114 lsrael.
1028 4048 1108 4112 ltern
1162 4055 1250 4127 trem,
1273 4050 1415 4115 retinere
1426 4049 1588 4132 integram
1605 4047 1842 4112 conscientiam
1862 4072 1936 4134 cum
1949 4063 2067 4114 natura
2085 4050 2144 4112 im·

125 4134 205 4201 Esa.
224 4137 277 4200 37.
302 4135 405 4200 Salva
427 4157 489 4199 nos
513 4138 554 4199 de
578 4142 676 4200 ma'nu
695 4136 919 4213 Sennaberib,
942 4138 1109 4200 77771777
1164 4133 1284 4201 bacilla
1306 4133 1405 4198 facile
1427 4136 1577 4197 vincatur
1600 4135 1712 4218 pravis
1735 4134 1930 4212 affectibus,
1954 4149 1985 4198 et
2012 4131 2144 4198 Diaboli

126 4223 235 4287 omnia
258 4242 363 4306 regna
386 4234 506 4300 terrae,
530 4223 617 4307 qnod
642 4221 794 4286 rosolus
819 4226 867 4286 sis
880 4222 984 4286 11777.
1014 4222 1109 4285 liade
1161 4242 1301 4286 securos
1330 4233 1362 4285 et
1384 4217 1595 4306 negligentes
1622 4233 1732 4287 astute
1759 4219 1929 4306 impellant
1955 4223 2056 4285 variis
2086 4239 2144 4285 oc·

108 4308 261 4373 ‘causam
284 4328 416 4393 semper
439 4309 557 4373 intueri
580 4308 759 4387 debemus,
789 4331 863 4375 cum
887 4311 1028 4392 petimus
1052 4309 1107 4371 mi·
1162 4309 1370 4385 cas-ionibus,
1392 4317 1429 4371 ut
1449 4304 1614 4372 labantur.

124 4396 320 4481 tigationem
353 4415 533 4479 poenarum
569 4391 774 4476 publicarum
803 4407 861 4459 aut
894 4396 1108 4478 privatarum,

123 4493 160 4545 ut
192 4481 310 4545 1777777
326 4478 507 4566 ,livangelii
529 4479 625 4544 lateri
657 4495 821 4566 cogantur
844 4481 952 4544 Deum
986 4482 1108 4544 7717777
1247 4477 1328 4544 Vult
1345 4479 1446 4564 igitur
1467 4476 1562 4543 Deus
1583 4497 1647 4543 nos
1670 4477 1814 4542 munitos
1837 4487 1870 4541 et
1893 4486 2041 4541 armatos
2064 4494 2144 4541 esse

122 4566 177 4631 bis
198 4564 372 4631 Ecclesiis.
420 4568 512 4631 Haec
539 4577 607 4630 tota
633 4567 784 4630 doctrina
817 4568 859 4632 de
881 4567 1108 4652 promissioni·
1161 4565 1290 4629 duabus
1315 4568 1427 4644 rebus,
1450 4566 1652 4650 cogitatione
1671 4565 1763 4629 verbi
1787 4564 1857 4639 sui,
1880 4575 1912 4627 77
1934 4563 2142 4644 precatione,

125 4655 188 4719 bus
216 4655 259 4716 sit
288 4654 460 4719 notissima
489 4664 522 4717 et
551 4673 653 4735 saepe
676 4655 1008 4737 cogitetur‘propter
1037 4651 1108 4738 glo·
1161 4652 1249 4716 sicut
1279 4650 1400 4716 Paulus
1430 4650 1514 4715 bacc
1539 4653 1705 4736 coniungit
1728 4649 1892 4733 Ephesios
1913 4645 2041 4712 ultimo:
2075 4650 2142 4712 Ac·

124 4741 206 4804 riom
241 4738 323 4819 Dei,
358 4753 390 4804 et
424 4755 563 4825 propter
598 4741 830 4803 necessitatem
859 4754 1021 4804 nestram.
1066 4739 1109 4803 Et
1162 4739 1260 4821 cipite
1282 4735 1428 4824 gladium
1452 4738 1613 4821 Spiritus,
1636 4738 1726 4820 quod
1749 4747 1801 4801 est
1824 4735 1973 4801 Verbum
2002 4733 2079 4815 Dei,
2107 4737 2142 4801 in

122 4847 314 4913 quanquam
337 4838 415 4891 sunt
437 4848 500 4891 777
522 4827 668 4910 praemia
691 4829 853 4891 bonorum
876 4845 1028 4909 operum:
1059 4837 1108 4889 ta·
1161 4826 1250 4889 omni
1272 4826 1463 4909 precatione
1485 4821 1674 4911 vigilantes.
2150 4850 2152 4853 ·

51 4988 58 4999 ,
124 4935 199 4977 77777
223 4909 320 4976 717771
343 4926 494 4978 77777777
522 4914 672 4976 7177771777
701 4914 744 4977 717
766 4911 862 4990 11717,
895 4932 981 4996 quae
1002 4912 1108 4997 gratis

126 5000 248 5084 accipit
272 4998 587 5078 reconciliationem,
610 5010 642 5063 et
664 4996 816 5084 intelligit
827 4998 1014 5081 corporalia
1026 5018 1108 5083 quo·
1147 5028 1153 5033 ’
1247 4994 1351 5061 Addit
1377 4995 1464 5061 enim
1496 4992 1701 5079 vigilantiam
1736 4993 1927 5079 cogitationi
1960 4992 2052 5056 verbi
2075 4989 2141 5054 Del

79 5120 80 5124 ¹
126 5105 193 5172 quc
225 5085 299 5152 dari
329 5084 557 5173 principaliter
577 5098 714 5172 propter
735 5084 973 5173 lllediatorern,
1006 5097 1039 5150 77
1071 5096 1109 5149 77
1161 5094 1195 5148 77
1215 5082 1411 5166 precationi,
1432 5091 1470 5147 ut
1490 5081 1639 5167 requirat
1659 5078 1863 5169 diligentiam
1889 5079 2016 5146 vitandi
2044 5096 2141 5143 7777·
