4628 5588
137 160 205 239 22⁷

171 341 357 444 Christum
388 369 529 441 autem
559 368 743 439 mortuus
774 372 848 463 est,

170 480 267 565 Non
298 491 362 563 est
391 479 515 592 igitur
544 489 688 563 natura
719 479 844 562 Deus.

227 662 283 729 Ad
304 661 391 727 hane
414 662 632 726 obiectionem
655 681 801 728 necesse
821 659 881 727 'est
909 663 1126 750 respondere,

140 750 217 837 quia
250 751 525 815 absurdissimum
558 750 688 813 videtur
710 751 822 813 dicere
851 748 961 817 Deum
982 748 1126 816 lacerari

141 850 175 904 et
196 837 291 902 mori.
335 834 398 900 Est
419 837 526 922 igitur
540 834 627 902 haee
650 838 836 922 responsio.

227 988 302 1056 Etsi
322 988 408 1054 haec
430 999 500 1055 tota
522 1010 627 1055 causa
649 988 1012 1078 longeextraomnium
1034 1013 1127 1058 crea·

140 1090 290 1144 turanum
312 1087 529 1162 conspectum
536 1079 651 1181 posita
664 1089 735 1156 est,
753 1089 862 1143 tamen
887 1102 961 1144 cum
974 1079 1127 1144 testimo·

75 1194 89 1210 ‘
139 1165 194 1230 nla
217 1165 374 1228 divinitus
393 1165 513 1228 tradita
535 1185 568 1227 m
597 1165 737 1248 scriptis*
750 1164 961 1250 propheticis
985 1175 1018 1230 et
1035 1163 1126 1251 Apo·

82 1310 88 1319 .
140 1250 283 1330 stolicis,
319 1246 495 1314 adfirment
506 1252 588 1314 duas
611 1264 750 1315 naturas
774 1272 852 1316 esse
874 1254 907 1318 in
919 1253 1046 1316 hlessia
1068 1274 1126 1318 na·

112 1348 177 1409 ,tu
200 1358 241 1402 ex
263 1338 392 1423 virgine
412 1335 531 1415 diaria,
553 1347 590 1401 ut
622 1338 783 1422 scriptum
816 1349 879 1418 est,
911 1338 955 1404 Et
988 1340 1127 1404 verbum

141 1444 221 1491 caro
243 1421 369 1489 iactum
392 1434 456 1502 est,
479 1419 597 1508 regula
618 1423 703 1489 haec
724 1426 870 1490 tenenda
888 1435 949 1490 est.

228 1576 399 1651 Quaedam
421 1598 482 1662 pro
507 1578 557 1641 ria
578 1579 634 1642 uni
656 1590 809 1658 naturae,
844 1599 912 1645 non
929 1580 1127 1664 impediunt,

141 1666 335 1751 quominus
357 1664 444 1728 adsit
466 1600 574 1729 altera
595 1676 727 1730 nat-ura.
755 1650 897 1749 Propria'
914 1679 1025 1732 autem
1048 1678 1127 1732 sunt

139 1748 409 1816 haechumcnae
431 1763 582 1828 naturae,
605 1748 748 1817 lacerari
766 1755 926 1833 membru,
943 1754 1029 1837 pati,
1057 1774 1128 1817 mo·

140 1839 180 1906 ri·
245 1836 325 1901 ideo
359 1837 481 1901 Petrus
515 1838 638 1902 diserte
668 1839 765 1918 dixit,
796 1837 966 1904 Christum
988 1860 1127 1925 passum

141 1943 219 2007 esse
252 1943 367 1988 carne.
433 1921 476 1986 Et
507 1923 664 1989 irenaeus
687 1927 741 2010 pie
756 1936 792 1993 et
814 1927 992 2009 perspicue
1013 1927 1127 2012 inquit,

140 2011 264 2098 pagina
288 2009 361 2074 185.
386 2008 555 2074 Christum
579 2011 772 2076 crucifixum
794 2022 827 2075 et
848 2025 1013 2077 mortuum
1035 2032 1126 2089 esse,

140 2099 372 2182 requiescente
395 2097 516 2173 verbo,
538 2108 574 2159 ut
596 2098 747 2182 cruciligi
771 2109 803 2160 et
826 2098 911 2162 mori
928 2109 1056 2182 posset.
1089 2098 1127 2161 ld

140 2194 205 2261 est,
227 2183 337 2247 divina
361 2192 478 2246 natura
501 2196 639 2246 nonest
661 2185 792 2267 quidem
803 2180 951 2248 lacerata
973 2196 1127 2251 autmar-

113 2265 119 2278 “
140 2281 210 2360 tup,
234 2270 296 2333 sed
319 2265 380 2332 fuit
398 2269 559 2333 obediens
579 2267 682 2347 Patri,
705 2270 841 2354 quievit,
860 2271 963 2334 cessit
981 2271 1051 2335 irae
1073 2291 1128 2335 ae·

141 2357 227 2423 terni
263 2354 373 2419 Patris
407 2354 572 2427 adversus
606 2367 782 2440 peceatum
816 2358 951 2441 generis
981 2355 1128 2435 humani,

140 2462 210 2507 non
244 2451 296 2523 est
329 2461 392 2504 usa
414 2460 477 2506 sua
503 2444 665 2524 potentia,
683 2463 752 2511 non
775 2444 904 2507 exeruit
925 2463 1006 2508 suas
1027 2445 1127 2507 vires.

110 2555 112 2559 ¹
140 2528 271 2595 interea
294 2523 442 2593 lacerata
465 2540 499 2592 et
519 2540 651 2601 mortua
673 2541 727 2593 est
748 2541 879 2608 natura,
913 2549 999 2616 quae
1021 2530 1129 2613 potuit

140 2612 285 2685 lacerari
307 2622 342 2678 et
362 2614 455 2680 mori.

216 2766 391 2856 'Congruit
418 2779 529 2852 autem
561 2767 628 2833 hoc
663 2771 790 2835 irenaei
812 2770 936 2836 dictum
957 2769 1001 2836 ad
1023 2772 1129 2836 verba

140 2875 229 2943 quae
251 2866 329 2920 sunt
350 2855 384 2919 in
418 2853 562 2939 epistola
584 2857 627 2919 ad
646 2852 880 2941 Philippenses
904 2879 977 2944 cap.
999 2857 1031 2922 2.
1062 2856 1128 2929 Qui

141 2962 218 3007 cunr
240 2953 332 3008 esset
353 2942 387 3006 in
410 2939 518 3008 forma
540 2942 615 3021 Dei,
639 2942 672 3005 id
695 2956 759 3022 est,
781 2945 945 3028 sapientia
961 2954 996 3008 et
1012 2954 1128 3029 poten·

141 3030 188 3093 tia
209 3025 358 3112 aequalis
380 3030 482 3102 Patri,
504 3048 574 3092 non
595 3030 705 3113 rapuit
726 3028 960 3114 aequalitatem
981 3029 1056 3095 Dei.
1091 3028 1128 3093 ld

90 3118 103 3146 '
142 3120 207 3192 eat,
230 3134 304 3176 cum
326 3115 448 3177 missus
469 3126 573 3191 esset,
595 3125 632 3177 ut
655 3116 805 3179 obediret
816 3116 891 3180 Deo
913 3117 946 3179 in
957 3117 1128 3200 passione,

140 3221 209 3265 non
227 3198 307 3264 fecit
329 3211 446 3266 contra
467 3201 689 3278 vocationem,
713 3223 781 3265 non
805 3214 858 3266 est
879 3222 962 3266 usus
985 3223 1048 3267 sua
1068 3221 1128 3287 po·

140 3288 246 3352 tentia
268 3297 384 3348 contra
397 3287 628 3365 uocationem,
643 3286 720 3351 ‘Sed
743 3307 781 3351 se
804 3290 913 3372 ipsum
937 3288 1129 3367 exinanivit,

139 3373 175 3437 id
193 3384 256 3450 est,
274 3392 341 3435 non
365 3372 494 3435 exeruit
516 3393 608 3437 suam
621 3376 813 3456 potentiam,
839 3384 872 3438 et
883 3372 1066 3439 humiliavit
1078 3394 1129 3452 se,

140 3456 282 3523 iormam
317 3461 408 3523 servi
441 3460 624 3541 accipienS,
645 3461 678 3523 id
702 3472 771 3537 est,
806 3461 948 3524 induens
972 3482 1047 3526 cum
1068 3459 1129 3524 hu·

140 3565 240 3611 mana
262 3554 382 3609 natura
403 3543 649 3624 mortalitatem,
683 3544 798 3611 habitu
832 3549 988 3612 inventus
1009 3559 1047 3615 ut
1067 3545 1129 3610 ho·

141 3651 208 3708 mo,
230 3632 350 3708 idest,
374 3628 561 3697 adiectihns
583 3645 616 3697 et
640 3633 880 3713 destructione,
913 3635 1049 3720 gaudio,
1071 3654 1129 3718 pa·

141 3718 290 3795 roribus,
312 3718 457 3796 tristitia,
481 3714 610 3797 dolore,
634 3733 752 3786 morte.
775 3720 847 3787 Etsi
868 3721 969 3806 igitur
990 3723 1036 3786 it‘a
1057 3722 1128 3786 nni·

141 3813 196 3871 tec
218 3814 297 3867 sunt
314 3805 400 3870 duae
423 3818 571 3884 naturae,
594 3807 705 3892 hnago
729 3808 856 3873 aeterni
867 3808 992 3887 Patris,
1015 3818 1047 3872 et
1069 3806 1128 3873 hu·

142 3910 240 3954 mana
261 3902 381 3953 natura
403 3911 444 3955 ex
464 3895 593 3978 virgine
616 3895 790 3973 adsumta,
824 3904 860 3958 ut
882 3895 948 3959 sint
968 3915 1036 3961 una
1054 3915 1129 3979 per·

143 3995 241 4056 sona,
262 3986 371 4040 tamen
392 3990 532 4043 naturae
554 3983 760 4046 retinuerunt
787 4001 868 4047 suas
894 3983 1127 4068 proprietates.

196 4155 203 4173 ‘
227 4146 272 4214 Et
294 4151 497 4235 conspicitur
518 4151 552 4215 in
573 4150 638 4215 huc
657 4154 849 4219 admirande
867 4156 1036 4240 passione,
1059 4175 1129 4219 ma·

141 4235 281 4387 {pitudo
305 4239 374 4303 irae
391 4236 458 4302 Dei
479 4238 643 4304 adversus
666 4253 851 4323 peccatum.
895 4242 971 4307 Non
990 4253 1043 4307 est
1053 4239 1137 4307 leve'

167 4323 279 4403 'ctum,
301 4320 470 4390 Christum
481 4325 676 4392 crucifixum
688 4348 778 4409 esse,
801 4331 1034 4415 requiescente
1054 4349 1130 4394 ver·

141 4409 199 4486 bo,
231 4411 265 4474 id
298 4422 367 4490 est,
401 4432 476 4478 eum
497 4414 547 4477 ira
570 4416 697 4480 aeterni
716 4415 825 4481 Patris
849 4416 1074 4486 effunderetur
1094 4416 1130 4480 in

141 4489 271 4574 Filium,
306 4499 430 4582 quievit
449 4497 547 4582 λόγος,
576 4511 610 4565 et
631 4498 692 4566 suit
715 4504 886 4585 obediens,
909 4524 978 4570 non
1001 4503 1130 4569 exeruit

142 4581 233 4646 vires
252 4594 369 4647 contra
390 4586 536 4662 Patrem,
559 4599 592 4651 et
614 4590 741 4654 interea
763 4587 912 4656 lacerata
939 4603 993 4656 est
1013 4589 1129 4656 huma·

142 4678 338 4772 ornatura.
382 4670 475 4737 llaec
496 4670 677 4755 humilitas,
709 4698 837 4764 quase
858 4677 962 4743 Filius
985 4679 1032 4743 ita
1050 4677 1129 4743 sub·

142 4753 222 4821 iecrt
252 4753 356 4840 Patri,
388 4777 478 4823 nunc
500 4779 566 4825 non
589 4773 702 4845 potest
724 4763 976 4850 comprehendi,
1011 4765 1128 4830 sedin

142 4840 212 4908 vita
233 4850 371 4904 aeterna
392 4845 667 4915 considerabitur.
721 4851 820 4917 Nunc
847 4872 930 4918 vero
951 4850 1019 4915 hoc
1037 4852 1129 4936 cogi·

143 4937 264 5006 ternus,
287 4946 400 4991 veram
422 4941 455 4994 et
478 4933 646 5017 ingentem
668 4938 751 5002 iram
779 4938 845 5003 Dei
863 4958 942 5003 esse
963 4940 1129 5002 adversus

142 5024 330 5100 peccatum,
354 5032 429 5078 cum
451 5014 540 5083 filius
562 5018 628 5086 Dei
650 5023 717 5090 hoc
739 5024 839 5090 modo
861 5022 972 5092 iactus
994 5024 1039 5090 sit
1049 5043 1129 5110 sup·

143 5096 222 5186 pler
245 5111 279 5166 et
297 5098 479 5168 subiectus.

764 157 881 231 eun.
899 159 1006 229 arur.
1026 157 1216 235 munus
1236 159 1516 229 merianus
1574 104 1577 109 ⁵

1266 351 1428 437 Secunda,
1446 349 1608 430 obiectio,
1635 350 1737 418 Pater
1762 355 1868 418 maim
1888 352 1942 419 nie
1962 364 2026 419 cot.
2087 352 2164 422 iioe

1179 439 1302 505 dictum
1323 438 1440 504 Ariani
1460 436 1640 522 praecipue
1662 449 1891 523 opposuerunt
1912 440 2077 508 adversae
2105 460 2164 508 vc·

1093 570 1098 587 .
1177 526 1328 606 ritatem,
1362 546 1436 590 cum
1459 545 1540 589 vera
1561 535 1595 588 et
1617 524 1759 610 simplex
1779 525 1824 590 sit
1845 527 2021 611 expositio.
2065 525 2165 605 ‚Aba

1153 601 1156 615 ⁸
1179 614 1268 677 dicta
1300 610 1480 698 loquuntur
1509 611 1552 674 de
1574 611 1733 692 essentia,
1756 607 1823 675 aliu
1844 613 1887 676 de
1904 609 2019 690 officio
2037 609 2165 682 Christi

1177 699 1272 763 missi
1289 699 1332 763 ad
1355 697 1541 764 docendum
1562 698 1656 763 etad
1677 696 1767 764 hanc
1788 699 2022 778 obedientiam,
2039 710 2077 764 ut
2097 720 2164 784 pro

1178 787 1276 851 nobis
1298 786 1432 850 victima
1453 783 1557 850 lieret.
1600 782 1765 869 inprime
1788 804 1861 870 cap.
1884 785 1973 869 opud
1983 783 2165 854 iohannem

1178 872 1317 937 dieiturt
1349 870 1393 936 Et
1424 869 1519 936 Deus
1553 883 1625 935 erat
1657 873 1810 950 verbum,
1840 873 2033 957 omnia'per
2053 875 2165 958 ipsum

1178 957 1269 1023 iacta
1291 968 1381 1022 sunt.
1446 956 1521 1021 Hoc
1542 958 1765 1023 testimonium
1787 960 1967 1044 perspicue
1983 960 2165 1025 adseverat

1179 1038 1298 1109 Filium
1320 1064 1399 1111 esse
1420 1040 1542 1122 Deum,
1559 1052 1593 1109 et
1613 1044 1763 1129 potentia
1784 1042 1958 1132 aequalem
1978 1043 2081 1113 Patri.

1265 1215 1312 1280 At
1332 1214 1411 1281 alibi
1433 1206 1535 1300 saepe
1553 1216 1673 1281 dicitnr
1694 1216 1738 1281 de
1758 1213 1873 1282 officio
1896 1210 2048 1282 doctoris
2067 1217 2164 1284 missi

1178 1303 1222 1368 ud
1243 1300 1332 1369 hanc
1355 1303 1576 1367 obedientiam
1597 1315 1619 1366 a
1639 1300 1752 1382 Patre,
1769 1313 1807 1368 ut
1828 1301 1895 1383 hic,
1931 1301 2034 1368 Pater
2055 1304 2164 1369 maior

1178 1410 1232 1455 me
1253 1397 1316 1454 est.
1359 1389 1461 1473 Pater
1483 1383 1638 1474 glorifica
1658 1410 1720 1453 me.
1765 1389 1857 1454 llaec
1878 1389 1954 1456 ideo
1977 1389 2029 1453 sic
2046 1389 2163 1456 dicun·

1178 1487 1245 1555 tur,
1269 1476 1346 1563 quia
1368 1473 1524 1539 Christus
1546 1484 1638 1553 tunc,
1662 1495 1738 1540 cum
1760 1477 1793 1541 in
1814 1472 2007 1541 illavisibili
2027 1486 2062 1540 et
2076 1496 2165 1541 mor·

1178 1559 1237 1627 tuli
1266 1561 1507 1627 consuetudine
1539 1558 1760 1649 Evangelium
1792 1563 1952 1641 traderet,
1982 1558 2087 1627 voluit
2122 1581 2164 1627 se

1178 1650 1329 1735 agnosci,
1362 1668 1431 1713 non
1451 1657 1488 1712 ut
1508 1645 1690 1714 fanaticum
1712 1648 1896 1725 doctorem,
1931 1658 1988 1713 aut
2007 1648 2066 1734 qui
2088 1647 2164 1715 sinc

1178 1734 1289 1814 Patre,
1313 1747 1345 1799 et
1362 1736 1436 1798 sine
1457 1733 1617 1797 missione
1629 1736 1754 1799 aeterni
1766 1735 1893 1799 decreti
1910 1735 2059 1814 doceret,
2083 1732 2164 1815 Sed,

1178 1834 1215 1886 ut
1237 1831 1408 1887 constaret
1428 1821 1685 1904 promissionem
1708 1821 1837 1907 gratiae
1849 1831 1882 1885 et
1892 1822 1979 1885 vitae
1990 1831 2163 1900 aeternae,

1179 1920 1272 1974 certo
1296 1908 1467 1991 decretum
1489 1926 1567 1971 esse
1587 1908 1758 1972 immotum
1786 1908 1984 1987 divinitatis,
2011 1905 2165 1972 adfirmat

1179 2015 1218 2059 se
1240 2014 1419 2080 personam
1441 2011 1520 2056 esse
1541 2012 1561 2055 a
1580 1991 1679 2070 Patre
1701 1994 1857 2072 missam,
1883 2014 1949 2058 nec
1971 1990 2104 2057 adferre
2125 2008 2165 2059 se

1179 2082 1364 2145 doctrinam
1386 2101 1407 2144 a
1425 2098 1464 2143 se
1485 2098 1552 2143 uno
1577 2073 1813 2163 excogitatam,
1835 2080 1899 2144 sed
1916 2089 2076 2164 tanquam
2102 2077 2164 2146 Le·

1180 2177 1304 2252 gaium,
1325 2186 1445 2230 vocem
1467 2165 1594 2228 aeterni
1615 2163 1726 2229 Patris
1744 2185 1904 2231 arcanam
1926 2184 2104 2251 exponere.

1265 2335 1381 2422 ltaque
1402 2337 1436 2400 in
1458 2337 1649 2401 narratione
1672 2336 1713 2400 de
1734 2338 1913 2402 autoritate
1935 2337 2111 2404 doctrinae
2131 2348 2165 2404 et

1179 2423 1222 2489 de
1243 2423 1439 2502 ministerio,
1468 2423 1509 2486 iit·
1527 2420 1663 2486 collatio
1686 2422 1848 2488 Mittentis
1871 2437 1904 2489 et
1926 2423 2034 2489 lllissi.
2088 2420 2165 2489 Mit-

1178 2523 1253 2577 tens
1276 2522 1328 2574 est
1349 2506 1427 2575 fons
1451 2510 1633 2587 doctrinae,
1655 2521 1689 2573 et
1712 2511 1916 2594 adprobator
1938 2523 1972 2576 et
1994 2505 2164 2597 defensor.

1179 2595 1277 2662 llunc
1295 2607 1398 2661 vocat
1419 2596 1578 2660 maiorem
1600 2593 1720 2675 hlisso,
1742 2594 1883 2674 scilicet,
1912 2596 2074 2674 ministro,
2109 2599 2166 2682 qui

1178 2681 1373 2750 ahlittente
1394 2682 1526 2771 aceepit
1548 2681 1749 2762 doctrinam,
1782 2693 1817 2748 et
1837 2680 2165 2764 nuncestinflrmus,

1178 2770 1276 2834 subit
1290 2788 1437 2847 crucem,
1469 2787 1534 2832 nec
1556 2769 1661 2833 exerit
1683 2788 1779 2833 suam
1800 2769 1992 2854 phtentiam,
2023 2768 2084 2833 sed
2108 2788 2164 2834 ex-

1178 2866 1291 2941 pectat
1312 2855 1512 2933 testimonia,
1534 2855 1653 2940 quibus
1665 2850 1767 2920 Pater
1786 2856 1917 2920 ornabit
1928 2852 2017 2920 hunc
2034 2851 2166 2936 Filium,

1179 2954 1213 3009 et
1235 2942 1420 3008 doctrinam
1443 2939 1664 3021 confirmabit,
1683 2937 1829 3021 scilicet,
1857 2940 2166 3022 Resurrectionem,

1179 3040 1212 3094 et
1234 3028 1353 3093 deinde
1370 3027 1562 3092 missionem
1586 3026 1730 3112 Spiritus
1764 3029 1885 3108 sancti,
1920 3038 1953 3092 et
1975 3029 2085 3093 omnia
2107 3030 2166 3092 mi·

1178 3111 1294 3181 recula
1314 3114 1492 3181 universae
1513 3110 1708 3193 Ecclesiae,
1740 3125 1772 3180 et
1794 3129 1977 3182 extremum
1998 3114 2165 3180 iudicium.

1265 3286 1360 3351 llaec
1381 3288 1548 3353 enarratio
1571 3285 1660 3366 dieti,
1683 3285 1786 3351 Pater
1807 3287 1911 3351 maior
1933 3306 1987 3352 me
2009 3298 2078 3366 est,
2106 3307 2164 3353 ve-

1179 3394 1229 3453 ra,
1250 3374 1363 3440 nativa
1385 3383 1417 3438 et
1438 3374 1616 3458 perspicua
1639 3384 1702 3453 est,
1736 3374 1813 3458 quia
1836 3385 1926 3438 certe
1949 3393 2090 3439 necesse
2108 3383 2163 3438 est
2219 3383 2230 3398 ’

1180 3460 1323 3525 discerni
1347 3460 1435 3524 dicta
1457 3481 1544 3545 quae
1565 3457 1749 3542 loquuntur
1770 3460 1812 3524 de
1834 3459 1998 3551 essentia,
2022 3482 2044 3524 a
2065 3460 2164 3524 dictis

1180 3568 1264 3633 quae
1284 3543 1465 3631 loquuntur
1487 3547 1530 3611 de
1553 3544 1677 3623 cilicio,
1701 3557 1737 3611 ut
1758 3544 1830 3625 hic,
1863 3543 1960 3612 Deus
1982 3566 2087 3633 quare
2108 3546 2166 3613 dc·

1178 3631 1341 3720 reliquisti
1374 3653 1444 3712 me,
1478 3631 1535 3697 hic
1566 3643 1659 3696 certe
1680 3653 1746 3696 non
1770 3630 1919 3718 loquitur
1941 3633 1983 3696 de
2006 3631 2166 3712 essentia,

1179 3722 1239 3785 sed
1263 3722 1305 3784 de
1327 3741 1365 3784 se
1383 3731 1542 3804 tanquam
1563 3719 1697 3784 victima
1720 3719 1906 3784 sustinente
1933 3728 2012 3784 tune
2034 3737 2164 3805 poenes

1179 3819 1370 3871 nostrorum
1392 3818 1620 3890 peccatorum,
1641 3802 1909 3870 ubilamentatur
1930 3808 1963 3869 in
1982 3826 2059 3870 sese
2081 3793 2166 3886 iiam
2230 3879 2240 3899 δ

1180 3894 1305 3958 aeterni
1328 3890 1438 3957 Patris
1461 3891 1596 3969 effundi,
1620 3892 1708 3956 sicut
1731 3893 1818 3956 etin
1838 3890 1940 3955 Esaia
1963 3893 2098 3957 dieitur:
2119 3890 2166 3956 Et

1179 3978 1344 4044 Dominus
1367 3976 1472 4044 voluit
1493 3991 1669 4044 conterere
1692 3998 1767 4043 eum
1787 3978 1821 4041 in
1849 3977 2046 4044 infirmitate.
2091 3976 2167 4043 liae

1181 4067 1423 4150 descriptiones
1456 4063 1569 4215 aliquo
1601 4065 1704 4129 modo
1727 4062 1941 4151 significant,
1975 4074 2099 4151 quanta
2121 4065 2167 4130 sit

1180 4153 1230 4218 ira
1251 4151 1328 4231 Dei,
1350 4173 1431 4217 vera
1453 4165 1487 4218 et
1533 4153 1677 4217 orrenda
1688 4153 1853 4217 adversus
1864 4163 2016 4236 peccata,
2040 4162 2166 4236 etqua·

1179 4237 1230 4306 les
1254 4237 1390 4303 dolores
1408 4239 1603 4305 sustinuerit
1621 4235 1725 4304 Filius
1747 4236 1824 4317 Dei,
1846 4235 1988 4317 scilicet,
2009 4258 2076 4302 non
2093 4250 2166 4302 tan·

1179 4339 1248 4393 tum
1271 4327 1424 4411 corporis
1447 4324 1681 4406 lacerationes,
1703 4327 1765 4391 sed
1788 4326 1887 4390 etiam
1907 4323 1987 4390 illos
2009 4325 2167 4412 ingentes

1181 4412 1329 4493 dolores,
1351 4415 1505 4498 quisunt
1526 4432 1649 4493 sensus
1671 4415 1742 4478 irae
1763 4410 1839 4477 Dei.
1905 4411 2030 4476 Harum
2063 4409 2167 4475 maxi·

1180 4522 1309 4566 marum
1331 4520 1444 4565 rerum
1466 4501 1669 4586 cogitatione
1698 4501 1742 4586 pii
1765 4504 2022 4586 expasescant‚⁸
2043 4509 2077 4562 et
2098 4516 2168 4562 rna·

1180 4588 1383 4676 gnitudincm
1406 4588 1584 4670 earumpiu
1595 4588 1807 4653 meditatione
1828 4585 2057 4662 considerent,·
2075 4583 2169 4670 qnod

1180 4678 1221 4748 si,
1242 4670 1378 4754 facient,
1411 4671 1544 4739 facilius
1578 4674 1771 4738 discernent
1802 4673 1891 4737 dicta
1911 4669 2099 4750 dissimilia,
2132 4680 2168 4737 et
2198 4694 2202 4702 ⁴

1179 4774 1368 4848 agnoscent
1410 4758 1523 4846 aliquo
1560 4759 1661 4827 modo
1699 4771 1875 4845 utrumque
1907 4758 2196 4844 magnitudinem,

1178 4850 1251 4914 irae
1270 4844 1335 4912 Dei
1359 4850 1523 4914 adversus
1545 4857 1698 4932 peccata,
1720 4857 1754 4911 et
1763 4845 2020 4933 magnitudinem
2037 4841 2169 4910 miseri·

1181 4935 1317 5002 cordiae
1350 4936 1384 5000 in
1405 4935 1475 5001 filio
1498 4934 1574 5013 Dei,
1607 4934 1663 5020 qui
1686 4935 1749 4999 etsi
1770 4944 1891 4998 natura
1908 4931 2003 4997 Dens
2026 4941 2090 5009 est,
2117 4928 2167 4996 td·
2240 4980 2244 4987 .

1180 5043 1256 5088 rnen
1277 5023 1325 5088 ibi
1345 5042 1423 5088 sese
1440 5023 1580 5102 obiecit,
1613 5040 1655 5086 ac
1675 5031 1870 5106 prostratus
1893 5039 2006 5085 eoram
2028 5028 2166 5084 nermo

1179 5106 1281 5177 Patre
1302 5130 1366 5197 pro
1387 5111 1546 5177 universe
1566 5105 1723 5175 Ecclesia
1742 5125 1807 5174 sna
1824 5102 1890 5191 fuit
1904 5108 2124 5172 intercessor.

1990 5285 2004 5328 l
