4628 5588
27 111 35 120 ’
151 171 219 253 uer
455 236 458 240 A
816 193 818 197 .
942 163 1016 232 vu.
1051 161 1116 232 os
1135 160 1445 231 roumraurm
1899 123 1901 130 ’
2115 162 2187 285 oss

57 388 69 401 ·
146 360 307 449 privatim
339 355 551 439 absolvendi,
584 355 721 424 multum
755 355 913 424 conducit
935 355 978 421 ad
1001 348 1143 421 retinen·
1192 351 1371 421 multorum
1403 347 1601 418 officiomm.
1644 351 1752 416 Nemo
1784 371 1852 415 una
1885 350 1995 422 cibum
2017 353 2185 439 capiebat,

153 451 233 515 dum
255 443 458 511 intellectum
479 438 858 532 Evangelflproprium,
877 443 967 528 quod
989 440 1143 529 Evange·
1195 443 1305 506 donec
1325 437 1384 505 ille
1406 438 1586 518 homicida,
1609 435 1666 503 vel
1688 440 1838 504 incestus
1850 441 1989 524 gerebat
2000 441 2098 526 sigua
2109 460 2183 508 rea·

152 532 234 599 lium
246 535 414 600 contiueat
426 533 683 617 promissionem
694 531 901 596 remissionis
918 540 1143 615 peecatorum.
1193 539 1261 604 tus,
1291 538 1324 591 et
1345 537 1440 591 erant
1462 537 1555 590 certa
1576 527 1682 590 verba
1700 527 2073 607 excommunicationis,
2096 549 2183 614 quae
2265 568 2271 581 ι

151 619 212 687 Est
246 632 296 704 ct,
311 618 442 685 illustre
465 619 700 698 testimouium,
728 619 818 703 quod
840 627 919 702 post
943 616 1144 700 baptismum
1193 615 1403 679 vocabantur
1423 610 1540 692 Dirae,
1562 633 1687 698 graece
1709 610 1793 697 ὅραι,
1814 611 1867 676 Sic
1876 614 2018 678 Orestes
2040 625 2183 701 vagatus

151 705 239 794 lapsi
262 706 414 771 converti
436 706 578 792 possint,
612 717 646 770 et
674 706 828 770 conversi
861 703 1042 787 recipiendi
1064 703 1144 781 sint,
1175 712 1249 767 .est
1268 701 1303 764 in
1326 698 1482 779 Graecia,
1506 699 1681 764 abstinens
1703 701 1747 763 ab
1769 697 1911 764 aliorum
1934 701 2107 780 convictu,
2142 721 2183 768 ac

152 804 189 859 et
208 789 421 873 absolvendi,
440 813 481 857 cc
503 812 621 858 rursus
644 790 726 856 liant
745 791 910 856 haeredes
933 789 1143 855 vitaeaeter·
1195 806 1319 874 gerens
1341 786 1441 871 signa
1462 796 1589 864 reatus,
1623 805 1711 870 quae
1742 797 1863 871 posteo
1885 786 1916 850 ei
1937 786 2070 852 ademta
2091 798 2181 870 sunt,

151 899 226 945 nae.
256 877 351 943 llaec
373 899 478 945 causa
500 877 600 945 valde
621 879 757 943 movere
785 879 858 963 pias
881 888 1009 940 mentes
1031 875 1144 953 debet,
1195 893 1270 938 cum
1288 874 1321 937 in
1339 873 1461 937 iudicio
1483 869 1729 938 absolveretur.
1773 870 1817 936 Et
1849 870 1952 936 multa
1973 871 2054 939 talia
2072 895 2182 940 exem·

71 1031 77 1044 ,
150 976 189 1032 ut
210 976 320 1030 ament
342 977 373 1029 et
395 976 551 1031 tueantur
572 965 723 1050 privatim
745 960 1004 1043 absolutionem,
1022 973 1056 1028 et
1077 981 1142 1028 suo
1193 958 1252 1044 ple
1273 959 1465 1039 recitantur,
1486 970 1524 1025 ut
1546 959 1682 1024 Adrasti
1703 960 1792 1044 apud
1811 958 2028 1041 Herodotum,
2061 964 2119 1049 qui
2139 961 2183 1028 ad

152 1049 308 1138 exemplo
329 1052 402 1117 eius
426 1053 715 1119 conservationem
734 1052 902 1117 adiuvent.
1195 1044 1361 1112 Croesum
1381 1047 1474 1113 veuit
1495 1065 1619 1133 gerens
1637 1046 1737 1132 sigua
1757 1056 1884 1112 reatus.

1279 1216 1365 1284 Cum
1386 1229 1498 1284 autem
1518 1216 1618 1283 huius
1640 1217 1764 1284 vetusti
1785 1215 1889 1283 moris
1901 1219 2044 1305 vestigia
2066 1232 2182 1286 essent

574 1345 577 1353 ·
1192 1303 1303 1370 adhuc
1334 1306 1369 1368 in
1391 1301 1516 1389 populo
1539 1303 1691 1384 ludaico,
1723 1317 1756 1370 et
1777 1305 1934 1392 gentibus
1957 1327 2025 1371 non
2048 1307 2183 1372 omniuo

425 1391 490 1460 DE
511 1391 872 1461 SA'flSFAC'l'lONE.
1192 1389 1391 1470 barbaricis,
1424 1401 1562 1476 recepta
1595 1402 1648 1455 est
1680 1389 1773 1456 baec
1797 1388 1974 1478 disciplina
2006 1395 2106 1457 ctiam
2138 1395 2182 1460 eb

1191 1474 1358 1556 Ecclesia,
1379 1475 1511 1562 fuitque
1528 1477 1619 1542 initio
1641 1478 1762 1543 modus
1780 1498 1895 1543 earum
1908 1481 2181 1561 ceremoniarum,

1192 1565 1255 1629 sed
1276 1576 1398 1648 postea
1419 1565 1613 1649 superstitio
1637 1562 1776 1628 adfinxit
1808 1565 2038 1631 remissionem
2059 1586 2182 1652 pecce-

72 1714 79 1725 ,
146 1687 155 1696 -
236 1650 274 1716 ln
295 1649 361 1717 bac
382 1652 594 1719 distinctione
614 1651 755 1738 partium
767 1651 1001 1736 poenitentiae,
1019 1668 1141 1715 nomen
1192 1661 1304 1715 torum
1326 1650 1398 1714 dari
1415 1649 1664 1736 propter-lianc
1686 1651 1952 1737 castigationem.
1996 1651 2089 1717 llaec
2112 1652 2182 1737 opi·

150 1737 404 1816 satisfactionis,
438 1744 488 1803 ut‘
507 1740 540 1803 in
563 1737 628 1804 hoc
650 1735 727 1804 loco
749 1750 945 1823 usurpatum
968 1747 1039 1815 est,
1072 1756 1141 1801 non
1192 1736 1247 1800 nio
1271 1737 1362 1802 suxit
1383 1735 1447 1802 has
1467 1737 1591 1804 multas
1612 1739 1718 1816 adeo,
1739 1749 1777 1802 ut
1796 1739 1930 1803 tandem
1951 1736 2182 1804 intolerabiles

150 1822 319 1911 significat
353 1844 425 1890 com
471 1826 657 1892 usationem
680 1824 756 1890 Deo
789 1844 851 1908 pro
885 1820 985 1909 culpa
1006 1819 1141 1887 satisfa·
1192 1835 1320 1889 essent.
1364 1821 1496 1889 Rursus
1529 1824 1631 1911 igitur
1663 1819 1795 1888 laxatae
1817 1835 1907 1903 sunt,
1930 1835 1965 1888 et
1990 1823 2057 1889 hoc
2080 1846 2178 1892 voca·

152 1911 304 1988 cientem,
337 1920 372 1974 et
441 1921 594 1976 acentem
626 1912 708 1976 iram
730 1911 812 1990 Dei,
845 1930 932 1996 quae
954 1907 1140 1975 satisfactio
1193 1911 1275 1976 bant
1296 1908 1460 1995 Episcopi
1483 1910 1719 1997 indulgentias,
1741 1911 1776 1974 id
1797 1921 1863 1990 est,
1886 1911 2105 1977 remissiones
2133 1923 2182 1979 ta·

149 1998 285 2081 proprie
305 2017 366 2081 per
415 1995 505 2063 ilium
527 1996 618 2063 facta
639 2011 703 2074 est,
722 1995 795 2062 Nee
816 1995 985 2146 sipnilicat
1005 1991 1141 2060 satisfa·
1190 1992 1271 2061 lium
1292 1995 1577 2080 spectaculorum,
1609 1999 1652 2062 de
1680 1996 1801 2082 quibus
1824 1993 1982 2062 Canones
1998 2017 2184 2148 praecepe-

151 2084 294 2147 ctionem
326 2081 520 2163 forensem,
552 2105 619 2170 qua
652 2084 782 2149 debitor
815 2103 855 2147 so
873 2084 918 2147 vit
974 2083 1138 2160 eouniam,
1191 2093 1277 2146 rant.
1307 2081 1371 2146 lta
1404 2080 1563 2168 paulatim
1594 2080 1655 2148 illa
1687 2091 1805 2148 vetera
1836 2095 1998 2168 spectaco
2012 2106 2034 2150 a
2067 2091 2183 2151 cessa·

150 2187 250 2254 quam
272 2169 390 2249 debet,
422 2179 481 2235 aut
512 2172 542 2234 is
564 2171 621 2255 qui
642 2168 746 2235 alium
774 2169 934 2233 iniuriaa
961 2169 1043 2247 ecit,
1074 2167 1139 2232 sibi
1190 2177 1278 2246 runt,
1311 2187 1433 2235 nomen
1465 2170 1589 2237 mansit
1616 2165 1860 2235 satisfactionis
1887 2190 1957 2236 non
1977 2168 2182 2238 intellectum

149 2254 161 2318 i
210 2254 282 2319 osci
300 2265 388 2321 orate
409 2255 494 2320 Nam
515 2254 757 2322 haeclorensis
775 2252 961 2320 satisfactio
980 2265 1033 2320 est
1052 2273 1138 2336 opus
1190 2274 1212 2319 a
1232 2251 1384 2340 populo.
2143 2276 2160 2285 ’-

175 2342 308 2420 ebitum,
329 2355 361 2407 et
382 2344 525 2429 pertinet
545 2343 589 2407 ad
612 2344 856 2422 contritionem,
875 2361 917 2406 ac
929 2345 1050 2406 bonum
1061 2358 1139 2424 pro·

149 2428 309 2511 positum:
330 2425 377 2491 Ut
398 2441 514 2514 raptor
534 2426 664 2494 alienae
686 2429 856 2515 coniugis,
887 2428 1008 2492 sinon
1030 2425 1140 2491 reddit
1278 2423 1347 2491 Sed
1368 2421 1515 2493 fatentur
1535 2423 1706 2506 Monecbi,
1728 2425 1979 2493 satisfactiones
2012 2448 2081 2496 nou
2114 2451 2181 2496 me·

148 2512 267 2578 merito
290 2514 478 2600 coniugem,
501 2525 612 2580 manet
633 2514 776 2585 adulter,
800 2525 834 2579 et
855 2525 908 2579 est
930 2512 1139 2578 siuecontri·
1190 2513 1258 2577 reri
1277 2513 1511 2579 remissionem
1534 2510 1665 2597 culpae.
1710 2511 1757 2578 Ut
1778 2527 1889 2578 sutem
1911 2511 2035 2601 aliquid
2057 2516 2181 2583 tribue·

147 2599 252 2678 tione,
276 2610 309 2663 et
330 2601 403 2665 siue
426 2602 515 2665 bono
538 2604 732 2687 proposito,
765 2601 814 2665 lta
837 2600 968 2667 debitor
988 2619 1058 2665 non
1080 2619 1139 2663 vo·
1190 2609 1265 2664 rent
1286 2595 1412 2679 multis,
1429 2601 1597 2664 linxerunt
1617 2620 1685 2664 non
1707 2600 1828 2664 remitti
1851 2621 1994 2686 poenam
2011 2614 2182 2669 aeternam

147 2680 382 2764 lenssolvere,
405 2708 478 2751 cum
501 2689 623 2772 possit,
644 2699 756 2753 manet
778 2683 844 2767 fur,
868 2698 900 2751 et
916 2685 1036 2771 regula
1058 2702 1139 2750 vera
1189 2685 1254 2750 nisi
1277 2697 1417 2769 propter
1439 2687 1745 2770 compensationem
1778 2705 1963 2769 poenarum
1985 2690 2181 2776 purgatorii,

148 2781 203 2835 est
221 2772 337 2849 dextre
360 2769 544 2837 intellecta:
577 2772 757 2839 Peccatum
778 2792 846 2838 nou
868 2772 1053 2852 remittitur,
1074 2770 1139 2835 uisi
1190 2768 1246 2835 vel
1279 2764 1420 2836 aliarum
1450 2769 1689 2854 temporalium.
1734 2769 1899 2837 Dixerunt
1925 2776 2026 2861 igitur
2047 2772 2182 2841 satisfa-

149 2852 298 2923 ablatum
319 2860 523 2924 restituatur.
1192 2857 1322 2922 ctiones
1356 2859 1479 2923 mereri
1506 2858 1737 2923 remissionem
1765 2880 1949 2944 poenarum
1982 2863 2180 2948 purgatorii,

536 3008 542 3018 ,
866 3014 868 3019 A
1191 2938 1249 3008 vel
1266 2940 1406 3008 aliarum
1452 2965 1612 3009 cenarum
1633 2944 1732 3011 buius
1754 2945 1855 3028 vitae,
1876 2944 1940 3011 llic
1961 2948 2182 3032 prudentiaiu

236 3025 306 3093 Sed
328 3027 418 3094 hunc
439 3031 571 3094 tertiam
592 3041 720 3115 partem
736 3028 1142 3112 poenitentiaenominant
1190 3030 1413 3095 iudicandos
1472 3031 1580 3097 beuda
1602 3041 1665 3096 est.
2136 3050 2162 3093 ϊ
2198 3054 2202 3061 ⁴

147 3112 410 3181 satisfactionem
434 3113 649 3196 Canonicam,
671 3136 758 3202 quae
780 3112 858 3182 olim
880 3125 952 3181 erat
972 3112 1142 3201 publicum
1543 3119 1554 3136 ²

149 3198 392 3285 spectaculum,
423 3203 458 3267 ln
491 3223 558 3289 quo
591 3204 726 3268 stabant
760 3215 854 3269 certo
888 3199 965 3267 loco
1000 3214 1141 3289 agentes
1279 3200 1425 3268 Primum
1447 3213 1556 3267 eutem
1573 3221 1720 3276 ,necesse
1747 3214 1800 3269 cst
1831 3223 1937 3271 nosse
1959 3202 2183 3273 definitionem
2301 3212 2304 3222 '

82 3287 85 3293 '
148 3288 401 3371 poenitentiam,
434 3300 468 3353 et
500 3291 681 3357 servabant
714 3289 834 3354 ieiunia
866 3286 993 3374 aliquot
1015 3290 1142 3354 dierum
1192 3286 1433 3354 satisfactionis
1455 3287 1658 3371 Canonicae,
1678 3311 1778 3376 quam
1795 3291 1860 3376 ipsi
1880 3292 2025 3359 tradunt.
2129 3309 2164 3336 ··=

150 3386 207 3438 aut
229 3376 390 3439 mensium
413 3387 491 3440 ante
512 3373 768 3455 absolutionem,
801 3384 834 3440 ct
855 3373 966 3460 palam
988 3374 1143 3441 ostende·

66 3529 73 3536 ,
152 3461 274 3526 bantur
295 3457 418 3546 populo
437 3472 592 3548 tanquam
614 3462 674 3540 rei,
694 3473 726 3526 et
748 3461 923 3548 lugentes,
956 3474 991 3527 ut
1013 3471 1143 3526 exteret
1279 3458 1472 3527 satisfactio
1496 3459 1680 3541 (lenonica,
1703 3472 1755 3527 est
1778 3459 1889 3527 facere
1911 3482 2016 3547 opem
2031 3483 2100 3528 nou
2123 3464 2181 3530 de·

152 3547 284 3632 signum
307 3568 374 3612 nou
397 3546 571 3614 simulatae
592 3547 832 3634 poenitentiae,
866 3559 899 3612 et
932 3559 969 3612 ut
1002 3546 1059 3613 alii
1088 3544 1141 3613 his
1192 3547 1274 3627 bita,
1295 3549 1329 3612 id
1352 3561 1415 3629 est,
1437 3569 1504 3613 non
1523 3551 1677 3614 mandata
1700 3546 1777 3635 lege
1797 3546 1880 3629 Dei,
1913 3551 1973 3614 sed
1996 3569 2101 3634 opere
2124 3570 2180 3615 su·
2242 3581 2245 3588 ·

152 3630 313 3719 exemplis
336 3631 607 3715 commonefacti,
631 3631 821 3721 diligentius
838 3645 994 3720 regerent
1013 3654 1141 3711 mores,
1192 3636 1420 3720 perogationis
1452 3636 1600 3700 iniuncta
1633 3637 1675 3700 ab
1698 3633 1888 3720 Episcopis,
1920 3632 1976 3701 vel
2008 3636 2177 3702 ministris
2255 3653 2266 3671 ‘

150 3716 417 3785 relaberentur.
462 3720 588 3786 Horum
620 3721 742 3785 rituum
763 3721 856 3785 initio
879 3720 998 3786 modus
1019 3718 1140 3807 aliquis
1192 3730 1226 3785 ut
1254 3734 1444 3787 mereantur
1476 3722 1702 3787 remissionem
1738 3742 1866 3806 poenae
1888 3723 2090 3809 purgatorii,
2123 3687 2180 3791 vel

151 3801 227 3884 fuit,
249 3822 283 3871 et
306 3802 412 3871 abfuit
434 3808 644 3892 superstitio,
674 3828 771 3872 nemo
795 3807 968 3890 cogitabat
1001 3826 1040 3871 se
1073 3825 1140 3871 me·
1192 3804 1329 3872 aliarum
1347 3828 1530 3894 poenarum
1550 3805 1651 3874 huius
1668 3809 1767 3875 vitae.
2155 3847 2162 3854 -

150 3895 217 3957 reri
239 3890 306 3957 hoc
328 3912 345 3956 s
371 3890 524 3957 ectaeulo
542 3894 771 3958 remissionem
794 3890 915 3977 culpae
932 3889 1139 3977 velpoenae,

151 3979 212 4042 sed
235 3914 422 4043 exemlum
445 3990 518 4043 erat
538 3978 620 4045 utile
648 3977 860 4066 disciplinae,
892 3980 1062 4066 pertinens
1096 3978 1140 4044 ad
1278 3978 1375 4045 Nunc
1398 3980 1590 4045 consideret
1611 3979 1747 4060 Lector,
1769 3979 1812 4045 de
1834 3980 1955 4066 quibus
1977 3981 2123 4046 materiis
2145 3981 2179 4046 in

134 4061 301 4150 politiam
321 4004 610 4130 llcclesiasticam.
1164 4085 1166 4095 ·
1189 4062 1358 4129 hocloco
1381 4067 1556 4131 dicendum
1575 4067 1630 4146 sit,
1650 4065 1779 4132 scilicet
1801 4066 1843 4131 de
1865 4065 2056 4151 impletione
2078 4065 2112 4132 le
2137 4066 2180 4146 ⁰s,‘

966 4224 972 4234 ‚
1191 4152 1234 4216 de
1255 4153 1444 4217 discrimine
1465 4172 1603 4237 operum
1626 4175 1713 4239 quae
1724 4152 1817 4218 Deus
1840 4155 2022 4237 praecepit,
2043 4164 2077 4217 et
2098 4089 2179 4218 ulio·
2224 4216 2226 4220 ,

240 4234 317 4299 Non
340 4234 475 4302 dubium
497 4245 549 4302 esi
571 4246 694 4318 autem,
724 4236 790 4303 bos
811 4237 909 4316 ritus,
941 4237 1060 4322 quibus
1089 4236 1139 4302 rei
1190 4259 1264 4302 rum
1286 4259 1371 4323 quoe
1382 4237 1477 4304 Deus
1500 4260 1566 4304 non
1590 4242 1771 4324 praecepit,
1784 4240 1826 4304 de
1838 4239 2036 4304 remissione
2047 4259 2178 4324 poenae

151 4322 316 4388 atrocium
340 4319 536 4388 delictomm
557 4319 650 4388 velut
672 4326 776 4389 notati
798 4324 1059 4390 ostendebantur
1079 4343 1140 4408 po·
1161 4340 1167 4379 Ι
1191 4337 1360 4404 aeternae,
1390 4327 1431 4390 de
1460 4326 1650 4391 discrimine
1683 4326 1888 4391 remissionis
1912 4323 2050 4409 culpae,
2072 4336 2105 4391 et
2125 4345 2178 4393 re·

150 4406 249 4558 pulo,
283 4420 377 4473 ortos
399 4428 477 4472 esse
499 4430 520 4473 a
542 4409 656 4494 primis
679 4411 842 4495 patribus.
887 4409 1029 4494 Semper
1051 4411 1137 4475 enirn
1190 4411 1360 4476 missionis
1383 4431 1565 4495 poenarum
1586 4410 1835 4560 temporalium,
1857 4412 1898 4476 de
1921 4413 2032 4475 causis
2056 4430 2178 4496 poena·

166 4495 213 4559 uit
234 4496 423 4562 ceremonia
444 4491 555 4581 aliqua
573 4497 921 4563 excommunicationis
942 4497 1140 4582 indeusque
1190 4519 1264 4562 rum
1287 4496 1529 4583 temporalium,
1562 4511 1595 4564 et
1627 4498 1845 4563 allictionum
1878 4499 1912 4560 in
1936 4495 2091 4563 Ecclesia
2113 4509 2177 4564 etc.

151 4578 290 4661 sCain,
314 4595 348 4646 et
369 4594 564 4647 manserunt
585 4583 731 4668 vestigia
751 4586 839 4668 apud
852 4583 1027 4663 Etboieos,
1049 4584 1138 4648 sicut
1190 4583 1260 4647 llas
1293 4585 1450 4650 materias
1484 4599 1576 4650 recte
1605 4596 1639 4650 et
1661 4605 1742 4649 vere
1764 4581 1925 4669 explicari
1948 4605 2090 4651 necesse
2112 4595 2178 4665 est,

152 4667 195 4732 de
217 4666 299 4733 Cain
323 4669 454 4748 dicitur,
472 4668 604 4767 siguum
628 4669 659 4732 ei
680 4668 827 4736 additum
849 4689 940 4735 esse.
1191 4669 1270 4736 ldeo
1291 4668 1382 4737 hunc
1403 4668 1515 4739 locum
1537 4673 1580 4738 de
1601 4668 1833 4737 satisfactione
1851 4680 1978 4756 repeto.

238 4839 288 4904 lta
310 4852 429 4925 postea
452 4840 500 4904 rel
522 4840 797 4920 homicidiorum,
829 4851 1009 4927 gesserunt
1041 4842 1139 4929 signa
1462 4907 1467 4913 ,

151 4936 267 4989 reatus
288 4927 322 4990 in
344 4928 479 5006 vestitu,
502 4928 610 4992 donec
633 4928 873 5013 reciperentur,
897 4925 1137 4993 utscirentalii
1275 4929 1453 5007 Secundo,
1495 4949 1629 5014 semper
1659 4928 1752 5015 iungi
1784 4937 1917 5014 oportet
1947 4928 2177 4994 remissionem

151 5012 216 5077 hos
238 5031 317 5076 esse
337 5010 485 5098 pollutos
514 5025 548 5080 et
575 5010 765 5101 fugiendos.
809 5012 893 5079 Nam
916 5017 1138 5080 excomrnuni·
1189 5010 1319 5102 culpae,
1342 5027 1374 5081 et
1429 5037 1536 5081 oenae
1568 5027 1739 5105 aeternae,
1771 5028 1891 5101 estque
1912 5034 2013 5082 unum
2036 5026 2069 5080 et
2090 5016 2176 5081 idem

153 5097 231 5179 cati,
254 5111 349 5166 erant
371 5097 498 5165 exclusi
520 5122 542 5166 a
563 5102 727 5167 societate
746 5120 934 5203 sacrorum,
955 5113 1139 5167 mensaeet
1188 5102 1386 5169 beneficium
1406 5039 1480 5168 litii
1501 5100 1568 5169 Dei
1599 5104 1790 5191 gratuitum,
1822 5101 1942 5168 tollere
1975 5100 2120 5189 culpam,
2142 5113 2176 5168 et

308 5236 546 5282 unumunurm.
559 5237 717 5282 rourum.
1075 5228 1082 5243 '
1964 5225 1999 5277 es
2101 5257 2108 5269 ·
