4628 5588
791 164 904 235 earn
924 143 1546 233 nranscnrrrnooonnuon.
2110 166 2179 238 mr

86 388 89 393 ·
160 361 341 438 victimam,
371 363 423 424 rat
454 364 595 441 μεσιίιην
626 360 680 421 eei
709 358 803 435 ἱκέτην
826 373 915 434 esse,
947 352 1143 421 mirabilior
1193 355 1317 434 divina,
1344 364 1378 420 et
1409 353 1589 420 execrandi
1615 365 1695 422 sunt
1725 351 1857 422 furores
1883 341 2177 444 Philosophorum,

159 444 375 515 inenarrabili
398 442 550 522 consilio,
573 453 607 508 et
626 444 790 508 immensa
810 444 976 521 bonitate,
1009 451 1044 506 et
1065 461 1142 507 san·
1195 441 1252 528 qui
1273 439 1319 506 iin
1389 439 1534 507 tDeum
1556 461 1634 508 esse
1656 437 1831 529 quiddam,
1865 443 1957 529 quod
1985 453 2112 510 tantum
2132 445 2178 513 sit

161 532 288 618 utilior,
320 554 374 598 me
396 531 521 618 Spiritu
542 540 600 596 tuo
622 541 756 608 sancto,
790 542 886 595 casto
904 538 939 593 ct
960 528 1085 608 veraci,
1106 538 1144 593 ut
1193 529 1230 594 iu
1261 548 1328 613 qua
1372 550 1405 593 m
1426 529 1563 595 materia
1586 539 1785 609 coaeterna,
1808 539 1843 595 et
1863 531 2057 596 necessario
2079 531 2113 596 iu
2136 551 2179 598 aa

160 631 194 688 te
226 639 423 707 agnoscam,
454 619 617 695 invocem,
650 616 781 681 timeam
815 626 850 681 et
871 612 1006 701 diligam
1027 635 1143 680 verum
1195 616 1251 694 sit,
1269 624 1304 679 ct
1325 617 1519 681 necessario
1541 611 1661 682 formet
1683 636 1766 682 eam.
1799 615 1975 682 Adversus
1998 616 2083 683 haec
2098 616 2179 685 Dia·
2251 667 2265 682 .

160 704 272 775 Deum
294 706 570 791 omnipotentem,
603 704 803 788 sapientem,
832 713 963 767 eastum
995 712 1029 767 et
1050 720 1144 766 vera·
1196 698 1306 766 bolico
1328 699 1547 766 deliramenta
1568 704 1658 768 veris
1680 703 1876 768 testimoniis
1897 703 2018 768 divinis
2030 706 2178 771 munien·
2242 762 2256 783 ,

161 813 235 859 cem
266 804 439 858 aeternnm
456 790 589 857 Patrem
611 787 746 855 Domini
773 791 880 855 nostri
907 787 985 855 lesu
1006 786 1142 867 Christi,
1195 788 1258 853 dae
1280 798 1358 854 sunt
1379 798 1519 868 mentes,
1541 810 1582 855 ac
1600 791 1741 874 primum
1762 789 1804 854 de
1827 808 1931 855 causa
1953 787 2123 856 efficiente
2143 799 2181 856 et

161 891 196 947 et
217 877 398 945 Dominum
429 888 580 943 nostrum
602 875 711 942 lesum
734 873 903 941 Christum
931 885 965 940 et
986 873 1144 960 Spiritum
1192 871 1284 938 finali
1317 875 1531 960 cogitandum
1565 887 1629 955 est,
1659 876 1780 962 postea
1813 875 1985 943 recitanda
2018 888 2098 943 sunt
2129 886 2179 942 ta·

160 977 326 1043 sanctum,
349 966 405 1050 qui
427 975 461 1031 te
481 960 668 1048 patefecisti
691 963 793 1028 misso
815 961 912 1042 Filio,
934 960 1058 1049 collige
1079 958 1143 1026 Ec·
1194 960 1360 1040 stimonia,
1393 961 1484 1047 quod
1514 957 1621 1028 libera
1653 960 1825 1028 voiunta'te
1847 982 1903 1027 res
1924 964 1992 1028 sint
2012 965 2179 1029 conditae.
2274 981 2280 991 ’

162 1048 299 1119 clesiam
331 1053 417 1117 inter
448 1070 525 1129 nos,
554 1051 599 1114 da
618 1045 792 1115 salutaria
821 1060 854 1114 et
885 1050 942 1134 pia
970 1049 1143 1134 regimina,
1194 1047 1287 1128 item,
1310 1048 1400 1134 quod
1421 1069 1478 1115 res
1501 1067 1544 1113 ex
1565 1047 1669 1115 nihilo
1690 1051 1758 1114 sint
1779 1049 1943 1115 conditae.
1972 1049 2064 1126 item,
2087 1049 2181 1136 qaod
2239 1064 2246 1079 ¹

160 1150 303 1226 protege
322 1156 377 1203 me
395 1149 430 1204 et
440 1133 597 1215 familiam
607 1155 727 1215 meam,
745 1137 903 1223 oppidum
912 1147 1065 1202 nostrum
1077 1145 1141 1201 etc.
1195 1155 1270 1200 cum
1304 1136 1473 1201 creatione
1506 1134 1605 1201 simul
1637 1144 1788 1220 oporteat
1819 1132 1957 1217 intelligi
1984 1147 2180 1222 perpetuam
2236 1215 2238 1219 y

190 1226 195 1235 ‘
1195 1222 1486 1286 conservationem
1508 1223 1788 1300 substantiarum,
1820 1221 2096 1309 qnod-videlicet¹
2110 1221 2180 1287 De·
2260 1302 2263 1307 ι

1194 1327 1236 1373 us
1258 1327 1328 1383 non
1348 1307 1545 1372 discesserit
1565 1329 1587 1372 e
1609 1329 1671 1373 suo
1695 1327 1813 1393 opere,
1846 1308 1933 1375 sicut
1953 1305 2049 1375 seber
2070 1306 2180 1376 dece

1195 1393 1243 1458 dit
1265 1415 1286 1458 a
1306 1395 1385 1459 navi
1405 1405 1484 1479 post
1504 1391 1767 1460 fabricationem.

289 1548 354 1616 nn
400 1547 567 1633 [murum
599 1545 738 1614 rusum
771 1501 1012 1628 cumeum]

499 1683 811 1754 MEDlhTOREM.
1727 1686 1730 1690 ’

1568 1786 1631 1854 DE
1652 1786 1804 1855 PRIMO.

248 1945 465 2030 Omnipotens
486 1942 633 2010 Domino
657 1944 735 2010 lesu
756 1940 881 2010 Christi
901 1941 965 2008 Fili
985 1943 1050 2009 Dei
1075 1942 1144 2024 to‘ye

159 2035 212 2098 oei
228 2031 331 2115 ¹riade
363 2030 447 2096 ertu
474 2029 583 2095 ἀϊδίου.
629 2027 803 2110 Emanuel,
834 2041 912 2096 nate
935 2051 976 2095 ex
1004 2031 1144 2117 virgine,

161 2117 321 2186 crucifixe
342 2139 404 2204 pro
426 2117 524 2183 nohis
547 2129 581 2182 et
602 2119 815 2195 resuscitate,
838 2118 949 2203 quies
971 2116 1144 2181 Sacerdos

159 2205 195 2271 in
218 2215 401 2283 aeternum,
420 2206 545 2268 sedens
563 2205 606 2267 ad
629 2205 801 2268 dexteram
825 2205 951 2267 eetemi
966 2201 1090 2283 Patris,
1112 2213 1145 2268 et

107 2368 111 2376 ,
161 2310 201 2356 es
223 2290 423 2376 deprecator
443 2311 506 2374 pro
528 2291 637 2368 noble,
661 2291 809 2374 sapiens,
830 2289 931 2366 hone,
952 2310 1067 2368 verax,
1090 2309 1145 2353 ca·

159 2389 226 2455 nte,
244 2378 343 2442 index
364 2377 558 2455 iustissime,
580 2376 783 2453 misericors,
804 2372 991 2456 liberrime,
1020 2376 1075 2461 qui
1097 2375 1145 2438 di·

160 2463 254 2528 xisti:
279 2461 400 2528 Venite
420 2463 464 2527 ad
483 2482 536 2526 me
554 2482 683 2540 omnes,
705 2463 761 2546 qui
782 2459 945 2527 laboratis
968 2474 1001 2526 et
1017 2461 1145 2526 onerati

162 2549 258 2629 estis,
280 2569 346 2637 ego
367 2547 517 2615 reiiciam
536 2568 613 2630 vos,
636 2548 896 2627 misereremei,
919 2559 954 2613 et
974 2549 1145 2613 intercede

160 2654 224 2724 pro
241 2657 295 2700 me
316 2637 405 2722 apud
427 2648 600 2701 aeternum
622 2635 754 2701 Patrem
775 2645 885 2713 tuum,
918 2633 1147 2700 ersanotifica

159 2742 215 2791 me
237 2718 363 2806 Spiritu
385 2733 505 2788 sancto
527 2734 597 2802 tuo,
620 2718 744 2808 collige
766 2721 823 2785 tihi
845 2723 930 2785 inter
951 2741 1015 2788 nos
1027 2719 1145 2786 Eccle-

160 2809 257 2888 mam,
279 2820 313 2874 et
334 2829 409 2874 eam
432 2811 595 2895 guberna,
618 2809 704 2873 sicut
727 2809 856 2872 dixisti=
878 2806 946 2873 Ero
968 2809 1146 2873 vobiscum

99 2906 104 2918 '
158 2914 269 2982 usque
300 2896 344 2959 ad
376 2896 694 2960 consummationem
716 2893 840 2975 seculi,
866 2895 910 2958 da
931 2892 1090 2960 salutaria
1113 2906 1147 2959 et

159 2981 216 3068 pia
237 2982 410 3069 regimina,
457 2994 573 3067 rotega
594 3002 648 3046 me
669 2992 703 3046 et
724 2978 881 3046 familiam
903 3001 1022 3060 meam,
1045 2991 1078 3046 et
1089 2982 1145 3045 de·

161 3064 252 3153 pelle
273 3090 292 3132 a
316 3068 413 3135 nohis
471 3064 603 3133 iaholos
626 3066 743 3132 hostes
765 3077 913 3146 nostros,
944 3069 1032 3132 siout
1065 3068 1147 3133 dixi·

160 3154 220 3218 sti:
241 3155 349 3220 Nemo
370 3155 476 3239 rapiet
498 3175 581 3219 oves
603 3173 696 3218 meas
718 3173 760 3218 ex
781 3155 934 3219 manibus
956 3155 1051 3219 meis.

433 3521 508 3605 DE
523 3517 875 3607 'OREATIONh

420 3758 589 3823 Factorcm
609 3762 692 3824 coeli
711 3767 747 3825 et
763 3765 882 3823 terroe.

246 3989 322 4060 Etsi
355 3993 518 4060 naturalis
551 3997 636 4062 ratio
669 3997 703 4061 in
724 3993 912 4062 hominibus
938 3995 1146 4062 convincitur

162 4079 280 4148 ordine
304 4084 487 4167 *corporum
520 4083 655 4162 mundi,
693 4094 727 4147 et
759 4093 905 4148 motuum
939 4080 1144 4162 coelestium,

163 4168 421 4233 conservatione
439 4170 639 4254 specierum,
662 4178 696 4232 et
716 4170 792 4252 ipsa
814 4168 958 4235 naturali
970 4171 1086 4235 notitia
1098 4169 1145 4234 le·

162 4257 214 4341 gis
233 4256 266 4321 in
288 4255 466 4335 mentibus,
497 4266 535 4320 ut
556 4254 652 4320 lateri
679 4265 820 4341 cogatur
842 4275 919 4321 esse
940 4255 1061 4336 Deum,
1093 4277 1146 4321 sa·

160 4342 316 4426 pientem,
340 4342 476 4422 bonum,
498 4362 665 4420 veracem,
686 4342 820 4414 iustum,
839 4355 872 4407 et
894 4364 915 4407 a
932 4341 1008 4407 Deo
1031 4344 1143 4409 condi·

160 4436 229 4492 tum
252 4449 329 4493 esse
352 4430 526 4509 mundum,
560 4441 669 4494 tamen
690 4429 724 4493 in
746 4426 809 4494 hac
831 4427 1020 4495 infirmitate
1041 4428 1145 4493 homi-

160 4532 240 4578 num
261 4514 421 4599 languida
445 4527 497 4581 est
519 4516 686 4593 assensio,
721 4525 754 4580 et
776 4512 915 4581 i'hiioso
939 4517 974 4579 hi
1006 4515 1144 4581 affinxe-

158 4610 237 4662 runt
260 4599 380 4665 multos
404 4612 509 4669 tetros
532 4599 677 4681 furores,
698 4602 774 4667 ideo
797 4603 830 4666 in
853 4539 1008 4667 Ecclesia
1025 4604 1145 4669 'divini-

159 4694 215 4749 tus
232 4685 402 4768 patefacta
424 4700 477 4755 est
498 4711 580 4756 vera
602 4689 753 4753 doctrine
776 4690 817 4754 de
840 4687 1030 4767 Creatione,
1052 4700 1086 4754 et
1107 4687 1145 4753 il·

158 4766 275 4836 lustris
297 4777 505 4842 asseveratio
528 4777 680 4856 traditur,
702 4777 793 4862 qnod
813 4774 908 4841 Deus
930 4777 974 4840 sit
997 4777 1145 4842 essentia

1281 1957 1346 2024 nn
1367 1957 1520 2063 eausa
1540 1958 1800 2027 emersura
1818 1956 2097 2028 oeanrmms.

1284 2181 1383 2257 Quod
1393 2182 1525 2264 Creatio
1548 2184 1592 2250 sit
1613 2205 1698 2272 opus
1721 2204 1895 2251 commune
1915 2184 2041 2250 aeterni
2057 2181 2182 2263 Patris,

1197 2267 1274 2334 Filii
1307 2280 1341 2334 et
1363 2272 1503 2354 Spiritus
1537 2273 1646 2337 sancti
1673 2271 1851 2338 manifeste
1883 2269 2106 2357 significatum
2128 2280 2183 2336 est

1197 2354 1304 2421 Gene.
1329 2356 1358 2420 1.
1382 2357 1415 2420 in
1433 2355 1499 2421 hoc
1523 2359 1627 2422 dicto:
1650 2358 1827 2423 Faciamus
1848 2357 2014 2424 hominem
2037 2358 2081 2423 ad
2102 2357 2182 2422 ima·

1197 2443 1307 2529 ginem
1341 2454 1374 2507 et
1396 2441 1642 2509 similitudinem
1664 2458 1826 2525 nostram,
1854 2454 1888 2509 et
1910 2445 1952 2510 de
1972 2442 2057 2508 Filio
2078 2438 2185 2509 multa

1196 2540 1277 2595 sunt
1308 2548 1472 2613 expressa
1499 2531 1690 2596 testimonia
1717 2532 1751 2596 in
1780 2530 1938 2609 Iohanne,
1971 2531 2091 2596 Omnia

1196 2612 1305 2702 ipsuui
1337 2616 1430 2681 iacta
1462 2628 1558 2696 sunt,
1592 2630 1626 2683 et
1657 2617 1730 2682 sine
1763 2618 1839 2703 ipso
1860 2615 1985 2682 iactum
2006 2627 2060 2682 est
2087 2548 2184 2694 mlii:

1198 2703 1288 2787 quod
1320 2699 1444 2770 iactum
1477 2715 1541 2769 est.
1584 2707 1682 2783 item,
1709 2702 1812 2769 Pater
1831 2722 1927 2768 urens
1948 2722 2059 2790 usque
2080 2703 2184 2769 modo

1197 2801 1367 2873 operatur,
1390 2800 1424 2854 et
1444 2809 1510 2876 ego
1534 2810 1666 2875 operor.
1711 2788 1764 2856 De
1788 2791 1912 2875 Spiritu
1933 2800 2051 2877 sancto
2075 2780 2196 2854 Gene(

1199 2876 1228 2940 1.
1263 2875 1388 2942 dictum
1418 2888 1488 2939 est:
1532 2874 1677 2959 Spiritus
1710 2874 1846 2942 Domini
1877 2872 2049 2942 ferebatur
2080 2892 2184 2961 super

1196 2981 1316 3047 aquas.
1360 2960 1403 3026 Et
1431 2959 1568 3026 Psalmo
1591 2961 1645 3027 33.
1688 2960 1803 3028 Verbo
1826 2960 1961 3027 Domini
1990 2958 2075 3027 coeli
2102 2959 2185 3027 iacti

1197 3058 1288 3127 sunt,
1322 3057 1355 3112 et
1376 3048 1502 3133 Spiritu
1535 3047 1604 3113 oris
1637 3049 1711 3114 eius
1734 3050 1842 3115 omnis
1866 3049 2034 3115 exercitus
2056 3068 2182 3116 eorum.

1196 3134 1259 3199 llic
1281 3145 1350 3198 tres
1373 3153 1541 3218 personae
1563 3136 1756 3200 nominatim
1779 3136 1971 3216 recitantur,
2003 3146 2038 3202 et
2059 3135 2184 3200 diserta

1197 3223 1240 3286 de
1257 3240 1405 3306 persona
1426 3221 1545 3285 dicitur
1568 3221 1597 3287 1.
1621 3219 1773 3288 Corinth.
1796 3222 1849 3286 la.
1894 3221 2015 3287 Omnia
2030 3221 2116 3287 haee
2134 3216 2183 3287 es·

1197 3308 1266 3372 ficit
1287 3327 1374 3372 unus
1398 3320 1431 3372 et
1452 3307 1540 3372 idem
1563 3307 1718 3394 Spiritus.
1762 3307 1847 3373 Cum
1869 3308 1970 3398 igitur
1992 3309 2117 3373 creatio
2138 3307 2184 3373 sit

1198 3413 1372 3458 commune
1395 3413 1415 3457 o
1440 3413 1481 3457 us
1503 3396 1601 3459 trium
1622 3415 1854 3480 personarum,
1877 3394 2000 3462 tradita
2020 3405 2183 3482 estregu·

1196 3477 1251 3544 la:
1274 3480 1386 3564 Opera
1408 3416 1577 3554 'irinitatis
1600 3481 1642 3546 ad
1666 3493 1761 3546 extra
1783 3492 1861 3546 sunt
1882 3482 2038 3562 indivisa,
2060 3481 2095 3545 id
2118 3491 2184 3560 est,

1195 3568 1363 3650 personae
1386 3565 1483 3630 simul
1506 3579 1596 3645 sunt,
1614 3579 1648 3633 et
1669 3565 1767 3633 simul
1788 3579 1904 3654 agunt,
1927 3563 2183 3633 ettamenhoeo

1196 3649 1315 3736 regula
1337 3654 1387 3716 sic
1408 3651 1628 3739 intelligenda
1649 3664 1712 3733 est,
1731 3664 1768 3718 ut
1789 3674 1853 3719 sua
1875 3656 1994 3740 cuique
2014 3671 2184 3740 personae
2233 3692 2236 3697 -

1196 3739 1385 3822 proprietas
1415 3741 1588 3804 tribuatur.
1631 3739 1733 3806 Pater
1764 3752 1856 3804 creat
1878 3741 2012 3820 dicens,
2040 3751 2077 3805 ut
2099 3739 2183 3803 scri·

1196 3836 1289 3909 ptum
1310 3836 1363 3890 est
1384 3827 1417 3893 in
1441 3825 1581 3890 Genesi:
1604 3823 1648 3890 Et
1670 3826 1754 3892 dixit
1770 3825 1877 3907 Deus,
1895 3826 2057 3904 iaciamus
2079 3824 2184 3891 homi·

1196 3932 1272 3975 nem
1306 3923 1368 3976 etc.
1413 3911 1516 3976 Pater
1548 3913 1650 3997 igitur
1682 3923 1776 3978 creat
1808 3934 1869 3997 per
1896 3911 2016 3978 Filium
2049 3914 2107 3999 qui
2128 3920 2184 4017 pst

1195 3995 1358 4076 Verbum,
1382 3999 1414 4062 in
1437 4019 1504 4082 quo
1527 3996 1618 4063 lucet
1641 4019 1726 4087 opus
1749 4001 1851 4064 totius
1870 3999 2004 4085 opificii,
2027 4011 2061 4065 et
2079 3997 2184 4084 Spuri·

1197 4095 1252 4147 tus
1292 4096 1431 4148 sanctus
1472 4086 1660 4150 immediate
1700 4082 1795 4151 iovet
1834 4097 2006 4151 creaturas
2046 4095 2081 4150 et
2112 4103 2183 4150 mo·

1197 4181 1265 4234 turn
1306 4171 1460 4255 impertit.
1494 4170 1573 4235 ldeo
1602 4172 1744 4237 dicitur:
1789 4172 1932 4238 Siritus
1964 4172 2099 4237 Domini
2131 4167 2182 4235 io·

1197 4258 1297 4321 vebat
1329 4277 1447 4342 aquas.
1496 4257 1550 4321 Ac
1572 4256 1739 4323 iohannes
1769 4270 1802 4323 et
1853 4255 1950 4325 aulus
1973 4269 2067 4323 certo
2101 4277 2182 4323 con·

1196 4340 1272 4408 silio
1306 4354 1443 4409 utuntur
1474 4341 1541 4408 hoc
1573 4345 1671 4410 modo
1703 4334 1880 4432 loquen'di,
1913 4357 1951 4412 nt
1983 4347 2094 4410 dicant
2120 4363 2184 4429 per

1193 4428 1314 4495 Filium
1347 4431 1456 4496 omnia
1489 4442 1604 4496 creata
1633 4451 1723 4511 esse,
1758 4443 1793 4497 et
1825 4453 1885 4497 cur
1917 4434 2057 4512 dicatur,
2090 4431 2184 4517 quod

1197 4513 1399 4602 cogitalione
1450 4515 1729 4595 considerandum
1782 4529 1845 4584 est.
1928 4517 2029 4602 Haecj
2071 4519 2182 4604 magis

1195 4605 1373 4686 perspicua
1409 4601 1501 4682 liunt,
1532 4625 1610 4668 oum
1642 4605 1885 4669 restitutionem
1908 4605 2003 4669 Adae
2031 4614 2065 4670 et
2086 4602 2183 4671 Evae

1196 4691 1379 4754 intuemur:
1413 4689 1517 4755 Pater
1547 4692 1643 4755 mittit
1665 4689 1796 4771 Filium,
1819 4693 1874 4778 qui
1897 4692 1965 4757 edit
1987 4691 2182 4776 promissio·

1195 4796 1286 4853 nem3
1308 4788 1341 4839 et
1363 4773 1467 4842 Filius
1488 4796 1615 4842 sonans
1637 4779 1892 4862 promissionem
1914 4774 2012 4844 simul
2035 4787 2087 4843 est
2109 4773 2184 4843 eili-

158 4869 315 4938 aeterna,
338 4862 493 4927 distincta
515 4885 537 4928 a
558 4865 658 4928 rebus
681 4864 821 4944 creatis,
854 4875 887 4928 et
909 4865 998 4947 quod
1016 4859 1145 4928 liberri-
1190 4883 1260 4928 cex
1292 4863 1325 4927 in
1359 4864 1473 4943 corde,
1508 4864 1691 4929 ostendens
1714 4861 1918 4931 voluntatem
1940 4880 2097 4929 arcanam
2118 4862 2182 4955 Pa·

160 4943 412 5013 ura-voluntate
434 4951 618 5015 condiderit
640 4948 771 5015 coelum
794 4960 828 5015 et
845 4961 980 5030 terram,
1001 4947 1144 5037 angelos

160 5041 193 5097 et
226 5030 378 5098 homines
411 5044 445 5099 et
476 5034 561 5101 alias
584 5049 756 5104 creaturas
786 5057 828 5102 ex
850 5033 966 5118 nihilo,
999 5058 1062 5102 nec
1085 5035 1145 5101 suit

159 5112 226 5186 alia
246 5131 383 5188 aeterua
402 5141 461 5190 res
482 5133 560 5191 aute
582 5126 795 5207 creationem,
815 5123 882 5190 nisi
902 5121 977 5190 sola
998 5124 1146 5191 emenda

1195 4951 1266 5028 tris,
1285 4962 1317 5014 et
1338 4973 1398 5035 per
1419 4948 1567 5016 Verbum
1580 4950 1722 5036 Spiritus
1745 4965 1882 5018 sanctus
1905 4953 2089 5017 immediate
2111 4950 2182 5017 lae·

1195 5037 1297 5102 tilicat
1319 5050 1352 5102 et
1375 5050 1488 5105 movet
1511 5037 1613 5103 corde
1635 5041 1679 5103 ad
1701 5041 1947 5106 invocationem
1966 5037 2044 5119 Dei,
2068 5049 2101 5104 et
2123 5056 2181 5104 ao·

1196 5126 1307 5191 cendit
1328 5123 1415 5191 tales
1437 5137 1549 5193 motus
1571 5123 1681 5215 qualis
1702 5125 1777 5214 ipse
1798 5136 1862 5212 est.
