4628 5588
4 1688 27 1811 ἲ
54 1682 73 1791 ³
201 1760 270 1923 ς
330 1728 968 1881 nxnnronnro
1018 1628 1928 1880 smmomrvmnnr.

497 2384 573 2469 DE
603 2384 718 2471 DEO
1159 2344 1332 2432 Baptismo
1354 2343 1492 2427 Christi,
1516 2355 1549 2411 et
1571 2346 1798 2423 discernamus
1822 2365 1897 2413 eum
1919 2346 1962 2413 ab
1984 2346 2141 2426 omnibus

721 2449 731 2470 ·
1160 2435 1336 2513 creaturis,
1359 2445 1392 2499 et
1410 2452 1635 2520 agnoscamus
1681 2429 1764 2496 uelis
1788 2433 1843 2512 sit,
1867 2434 2140 2501 etdiscernamus

1158 2539 1337 2605 personas,
1359 2520 1447 2588 sicut
1467 2520 1566 2584 nobis
1590 2539 1670 2587 reve
1704 2527 1759 2583 tae
1780 2529 1870 2584 sunt.

187 2601 226 2669 ln
236 2622 317 2670 vera
326 2603 540 2669 invocatione
550 2622 696 2669 necessa
707 2604 927 2690 estcogitare‚
938 2601 1017 2691 quid
1025 2600 1108 2670 allo·
1375 2614 1380 2625 '
1930 2602 1937 2616 '

55 2690 58 2696 ⁴
93 2691 249 2776 ‚qnaris,
263 2689 341 2839 guid
351 2691 394 2753 sit
405 2687 513 2768 Deus,
526 2700 558 2754 et
572 2690 739 2775 quomodo
752 2687 1003 2776 sepateiecerit,
1011 2704 1106 2771 ante,
1245 2689 1347 2757 Pater
1368 2712 1443 2757 cum
1463 2688 1548 2756 Filio
1573 2700 1607 2756 et
1629 2688 1754 2775 Spiritu
1770 2698 1890 2754 sancto
1912 2698 1966 2754 est
1979 2688 2141 2754 'conditor

123 2785 273 2842 etcurve
287 2777 311 2840 it
322 2776 480 2846 exaudire
490 2789 567 2840 tuos
575 2777 730 2862 gemitus,
746 2788 779 2840 et
791 2777 880 2861 quod
891 2775 973 2843 velit
983 2778 1108 2842 discer·
1158 2787 1193 2843 et
1214 2787 1435 2843 conservator
1456 2779 1600 2842 omnium
1623 2785 1864 2855 creaturarum,
1886 2784 1920 2841 et
1941 2772 2012 2840 vult
2034 2796 2052 2839 a
2080 2788 2160 2841 not

122 2861 158 2925 ni
168 2863 212 2927 ab
224 2862 376 2927 omnibus
391 2863 629 2928 commenticiis
651 2862 852 2943 numinibus,
885 2873 919 2928 ct
938 2864 982 2929 ab
1006 2864 1106 2928 omni·
1158 2864 1209 2929 sci
1231 2860 1349 2928 Filium
1372 2875 1407 2929 et
1426 2864 1583 2950 Spiritum
1605 2874 1769 2928 sanctum.
1814 2859 1874 2926 Sic
1895 2871 2004 2927 autem
2021 2796 2141 2927 Filium
2179 2859 2200 2901 '⁴

121 2948 187 3013 bus
221 2944 395 3013 creaturis.
414 2936 430 2965 ⁰
460 2947 573 3020 Quare
605 2949 744 3032 primum
778 2949 922 3014 omniurn
944 2951 1107 3014 tenendae
1157 2950 1255 3014 nobis
1276 2945 1445 3033 patefecit,
1468 2950 1558 3035 quod
1580 2951 1625 3014 sit
1646 2949 1692 3028 is,
1721 2969 1783 3033 per
1804 2967 1902 3033 quem
1923 2947 2003 3013 dicit
2026 2949 2140 3012 docre-

122 3044 200 3099 snnt
222 3033 431 3122 definitiones
443 3045 570 3100 sumtae
591 3054 634 3098 ex
656 3036 853 3100 testimoniis
865 3036 997 3115 divinis,
1020 3055 1107 3122 quae
1156 3045 1225 3100 tum
1248 3036 1290 3109 de
1312 3033 1488 3099 creatione
1510 3046 1543 3098 et
1563 3032 1800 3112 Redemtione,
1835 3044 1868 3097 ct
1897 3033 1988 3118 quod
2008 3033 2065 3099 hic
2086 3032 2139 3097 Fi·

121 3138 187 3189 nos
210 3116 523 3199 commonefaciunt,
545 3130 579 3184 ct
602 3120 680 3206 quid
702 3121 746 3185 sit
757 3120 863 3200 Deus,
886 3133 921 3186 et
938 3122 1104 3207 quomodo
1156 3116 1223 3185 lfus
1257 3121 1457 3186 constitutus
1490 3120 1534 3184 sit
1566 3122 1738 3200 mediator,
1774 3128 1807 3184 at
1838 3118 1929 3185 initio
1961 3116 2140 3208 protulerit

122 3202 206 3271 velit
227 3208 367 3290 agnosci
390 3216 424 3270 et
444 3205 613 3285 invocari,
647 3217 680 3270 et
711 3226 778 3290 qno
801 3207 992 3272 discrimine
1014 3208 1105 3292 cogi·
1155 3200 1376 3291 Evangelilrm
1398 3226 1440 3271 ex
1461 3206 1536 3270 sinu
1546 3208 1672 3271 aeterni
1684 3206 1806 3284 Patris,
1828 3204 1983 3271 ostendat
1993 3205 2139 3283 Patrem,

50 3357 51 3360 ,
121 3291 245 3355 tandae
267 3292 335 3370 sint
353 3311 539 3376 personae,
574 3301 606 3356 et
634 3293 841 3378 seiungenda
873 3295 917 3357 sit
938 3293 1105 3358 invocatio
1157 3303 1190 3357 et
1211 3303 1391 3356 conservet
1411 3292 1626 3357 ministerium
1647 3288 1839 3377 Evangelii,
1873 3303 1905 3356 et
1938 3304 2033 3356 certo
2056 3303 2138 3356 tern-

121 3387 240 3442 nostra
260 3378 303 3440 ab
322 3376 464 3443 Ethnica
484 3379 712 3443 invocatione:
746 3379 795 3446 Sit
821 3378 924 3465 igitur
944 3377 1029 3443 haec
1050 3380 1106 3444 de·
1156 3398 1239 3464 pore
1262 3387 1412 3442 assumta
1432 3375 1577 3442 humana
1598 3389 1729 3455 natura,
1758 3379 1803 3441 sit
1823 3373 1936 3442 sactus
1958 3379 2138 3454 redemtor,

121 3461 227 3528 finitio
249 3463 366 3547 prima.
1156 3474 1191 3528 et
1211 3463 1454 3548 quodpropter
1476 3461 1567 3527 buno
1586 3462 1704 3529 Filium
1725 3459 1805 3527 velit
1825 3482 1888 3526 nos
1911 3465 2081 3541 exaudire,
2103 3472 2138 3526 et
2243 3474 2249 3486 ·

366 3577 370 3588 ·
1180 3560 1293 3632 ropter
1314 3568 1401 3627 eum,
1425 3559 1459 3613 et
1479 3567 1540 3631 per
1562 3568 1636 3612 eum
1658 3546 1768 3613 salvet
1789 3567 1873 3625 nos,
1895 3560 1929 3612 et
1950 3549 2040 3633 quod
2062 3552 2138 3631 ipse

207 3629 314 3697 Deus.
335 3643 389 3698 est
421 3633 571 3698 essentia
592 3631 786 3719 spiritualis,
818 3643 966 3713 aeterna,
987 3631 1104 3699 intelli·
1155 3571 1259 3699 lilius
1281 3635 1466 3699 immediate
1488 3631 1632 3698 vivificet
1653 3636 1756 3698 corda
1777 3635 1811 3697 in
1824 3631 2054 3699 consolatione
2076 3653 2137 3717 per

86 3764 89 3771 ·
123 3737 222 3869 gens,
246 3714 311 3781 alia
331 3740 352 3782 a
375 3720 536 3783 creaturis
549 3722 724 3799 omnibus,
747 3741 861 3799 verax,
884 3722 984 3798 bona,
1006 3721 1104 3798 iusta,
1154 3718 1383 3806 Evangelium,
1408 3732 1441 3784 et
1462 3721 1513 3784 sic
1537 3718 1638 3782 Pater
1659 3730 1692 3783 et
1713 3716 1818 3786 Filius
1841 3718 2008 3785 effundant
2031 3719 2057 3784 S
2081 3720 2136 3782 iri·

149 3801 292 3880 enefica,
331 3816 437 3881 casta,
452 3858 453 3862 ,
470 3804 674 3885 misericors,
706 3803 892 3887 liberrima,
925 3810 1104 3872 immensae
1155 3817 1223 3871 tum
1245 3817 1408 3883 sanctum,
1438 3806 1498 3890 qui
1517 3804 1703 3870 immediate
1725 3817 1778 3870 cst
1799 3801 1936 3884 laetitia,
1970 3826 2037 3890 qua
2094 3823 2134 3869 eo

31 3923 32 3927 =
124 3889 307 3972 sapientiae
329 3899 363 3952 et
384 3892 562 3971 potentiae,
584 3892 735 3957 irascens
747 3894 908 3977 peccatis,
929 3892 1031 3958 Pater
1048 3911 1104 3956 ae·
1155 3889 1361 3978 copulamur,
1383 3891 1478 3956 Sicut
1488 3891 1593 3974 inquit
1605 3887 1746 3955 Paulus:
1769 3890 1959 3973 Accepistis
1981 3912 2048 3956 non
2060 3890 2135 3994 spi·
2222 3966 2228 3977 ,

122 3983 250 4051 ternus,
284 3974 339 4124 gui
360 3972 478 4039 Filium
500 3977 542 4039 ab
566 3988 703 4041 aeterno
732 3980 907 4064 imaginem
928 3999 1024 4043 suam
1046 3997 1104 4063 ge·
1154 3979 1252 4043 ritum
1274 3976 1444 4041 servitutis
1465 3977 1509 4040 ad
1531 3977 1692 4055 timorem,
1715 3976 1777 4040 sed
1799 3977 1955 4060 Spiritum
1984 3977 2135 4061 adoptio·
2176 4004 2180 4012 ·

121 4061 211 4145 nuit,
231 4070 267 4125 et
317 4057 392 4126 ilius
414 4061 525 4148 imago
548 4060 657 4125 Patris
683 4077 879 4142 coaeterna,
902 4076 936 4129 et
956 4062 1102 4148 Spiritus
1153 4069 1206 4129 nis
1228 4061 1383 4148 filiorum,
1406 4081 1471 4148 quo
1495 4058 1677 4127 clamamus
1706 4061 1805 4126 Abba
1827 4075 1932 4145 pater.
1999 4062 2078 4126 item
2101 4061 2134 4126 ἢ.

121 4156 259 4213 sanctus
282 4147 471 4232 procedens
493 4168 514 4212 a
536 4146 635 4211 Patre
657 4158 691 4214 et
712 4146 810 4227 Filio,
833 4151 919 4214 sicut
935 4145 1103 4234 patefacta
1154 4150 1196 4215 ad
1218 4147 1359 4212 Timoth.
1383 4145 1413 4211 1.
1457 4148 1534 4213 Non
1558 4147 1645 4212 dedit
1667 4148 1766 4212 nobis
1797 4145 1892 4212 Deus
1915 4147 2074 4230 Spiritum
2096 4147 2135 4211 ti·

29 4290 33 4295 .
121 4243 176 4298 est
200 4235 363 4299 divinitas
403 4244 497 4297 certo
530 4236 635 4298 verbo
675 4244 709 4298 et
741 4236 935 4299 testimoniis
969 4235 1101 4312 divinis,
1153 4234 1322 4313 miditatis,
1344 4236 1406 4299 sed
1428 4236 1573 4311 roboris,
1592 4231 1778 4299 dilectionis
1804 4245 1838 4298 et
1867 4234 2042 4298 castitatis.
2086 4237 2135 4301 tta

122 4321 212 4406 quod
243 4319 343 4385 Pater
377 4331 533 4385 aeternus
567 4340 642 4383 cum
674 4317 759 4384 Filio
782 4331 815 4384 et
837 4319 960 4404 Spiritu
983 4330 1102 4384 sancto
1154 4319 1342 4385 discrimina
1364 4339 1580 4404 personarum
1603 4321 1658 4403 pie
1681 4321 1879 4406 cogitemus,
1900 4332 1934 4383 ct
1956 4339 2037 4384 suas
2056 4337 2134 4402 pro-

4 4427 6 4435 ’
122 4406 308 4471 condiderit
339 4405 470 4471 coelum
503 4416 535 4471 et
555 4417 695 4485 terram,
722 4416 756 4471 et
777 4425 893 4469 omnes
916 4417 1101 4482 creaturas,
1152 4407 1309 4491 prietates
1332 4402 1472 4492 singulis
1490 4405 1719 4481 attribuamus,
1742 4426 1804 4470 nec
1827 4408 2006 4471 existemcs
2023 4406 2135 4469 otiosa

122 4501 155 4556 et
176 4492 264 4556 adsit
282 4494 435 4595 omnious
460 4492 634 4571 creaturis,
656 4512 722 4578 quo
745 4491 787 4556 ad
801 4491 1101 4569 conservationem,
1155 4491 1320 4557 vocabule
1354 4511 1431 4555 esse
1462 4488 1580 4554 Filium
1604 4502 1637 4555 et
1658 4490 1816 4576 Spiritum
1838 4503 2003 4569 sanctum,
2028 4511 2069 4554 ac
2093 4489 2135 4554 de

122 4586 156 4643 et
177 4572 315 4660 colligat
337 4579 399 4641 srbi
422 4579 456 4641 in
479 4598 603 4664 genere
619 4577 763 4643 humano
785 4575 972 4641 Ecclesiam
995 4589 1102 4641 aeter·
1154 4575 1358 4663 singularum
1378 4597 1598 4662 personarum
1627 4577 1887 4663 proprietatibus
1912 4587 2037 4660 postea
2057 4572 2134 4661 plus

120 4681 209 4740 nam,
231 4674 368 4745 propter
378 4661 496 4728 Filium
517 4676 550 4729 et
572 4684 634 4750 per
656 4686 742 4744 eum,
765 4677 799 4730 et
819 4664 863 4728 sit
884 4663 983 4727 iudex
1002 4662 1104 4726 iusto·
1154 4664 1293 4728 dicetur.

121 4768 197 4815 rum
219 4758 253 4813 et
273 4747 478 4813 iniustorum.
497 4816 507 4837 Ι

1239 4830 1317 4896 Non
1350 4833 1401 4897 sic
1431 4833 1569 4898 invocat
1589 4830 1789 4917 Xenophon,
1812 4831 1866 4916 qui
1890 4829 2019 4896 etiarnsi
2042 4831 2134 4917 cogi·
2182 4894 2189 4912 ,
2223 4861 2228 4871 ·

209 4916 292 4983 Cum
323 4918 426 5003 igitur
456 4917 650 4985 invocamus
682 4918 804 4997 Deum,
838 4919 1025 5005 cogitemus
1046 4918 1104 4983 ubi
1153 4927 1214 4996 tat,
1237 4917 1344 4983 Deum
1366 4939 1443 4984 esse
1464 4919 1597 4984 unicam
1618 4920 1799 4983 essentiam
1822 4928 1855 4981 et
1877 4936 2054 5000 personam
2077 4936 2133 4981 sa·
2246 4922 2248 4927 ’

89 5014 157 5094 ,et
176 5006 298 5092 quibus
319 5003 518 5071 testimoniis
541 5025 620 5074 sese
642 5004 736 5073 Deus
757 5002 969 5092 patefecerit,
1002 5015 1038 5069 ut
1069 5004 1104 5068 in
1154 5005 1317 5091 pientem,
1348 5025 1521 5084 veracem,
1553 5005 1692 5091 iustam,
1726 5003 1929 5083 beneficam,
1968 5002 2132 5069 vindicem
