4628 5588
179 457 181 461 Α
243 379 436 465 Sequuntur
461 378 561 465 igitur
593 379 813 465 gravissimae
833 394 965 462 poenae
984 375 1137 459 primum,

156 469 234 556 quia
244 466 340 531 Deus
360 485 491 530 summa
513 462 713 530 contumelia
735 459 887 528 adfectus
910 474 972 542 est,
994 481 1137 547 cumpe-

155 555 290 620 tiverint
309 552 446 636 periuri,
466 563 504 615 ut
525 553 570 617 sit
588 549 801 617 confirmator
819 550 991 615 mendacii.
1036 544 1138 612 Dein·

92 674 96 679 ,
155 642 217 793 ple,
248 639 326 726 qaia
347 638 470 727 ipsi‘se
492 637 725 724 obligaverunt
745 636 789 701 ad
810 656 969 721 poenam,
991 637 1021 699 si
1042 630 1137 699 fefel-

169 728 266 794 erint.

242 862 336 953 ¹lhaec
358 861 539 928 admonitio
561 882 664 946 saepe
687 860 866 947 cogitanda
878 871 941 939 est,
961 869 998 925 ut
1015 877 1137 944 magna

156 952 278 1038 pietate
305 968 479 1014 servemus
509 949 679 1013 veritatem
709 949 984 1025 iuramentorum,
1014 957 1048 1010 et
1068 965 1136 1010 non

157 1039 260 1107 umas
283 1037 318 1103 in
335 1036 475 1103 iurando
496 1030 589 1101 leves
612 1047 645 1101 et
666 1030 793 1099 faciles.

527 1365 774 1449 Antithesis·

789 185 847 262 IV·
874 182 1134 265 massario
1155 180 1356 252 submoti
1376 179 1537 249 modat.

1406 370 1468 437 DE
1488 369 1650 437 TERTIO
1671 368 1951 439 PRAEGEPTO.
2048 316 2052 325 Ι

1286 627 1368 696 Vult
1384 630 1479 696 Deus
1501 642 1592 696 recte
1614 631 1770 716 agnosci,
1799 629 1870 697 vult
1892 628 2083 698 Ecclesiam
2105 634 2170 699 sibi
2198 632 2208 645 “

1108 763 1142 776 ..
1189 717 1372 804 colligere,
1403 719 1456 784 cui
1479 737 1575 782 suam
1597 719 1779 784 bonitatem
1806 720 1951 783 inomni
1975 721 2169 786 aeternitate

1189 806 1420 882 communicet,
1442 815 1475 869 et
1495 825 1518 868 a
1539 824 1605 889 qua
1627 804 1772 869 vicissim
1791 802 1989 870 celebretur.
2035 805 2113 870 ldeo
2135 808 2170 871 in

1187 894 1294 976 primo
1327 898 1509 976 praecepto
1543 889 1624 955 dixit
1646 893 1688 955 de
1710 892 1899 977 agnitione,
1930 904 1964 956 et
1985 889 2168 958 voluntatis

1188 999 1229 1042 ac
1256 981 1372 1046 cordis
1406 979 1551 1042 motibus
1581 996 1660 1061 erga
1685 975 1802 1043 Deum.
1849 977 1884 1042 ln
1907 979 2056 1044 secundo
2074 998 2170 1063 prae·

1188 1066 1268 1150 cipit
1290 1062 1377 1129 illius
1399 1084 1502 1129 verae
1524 1064 1702 1150 agnitionis
1724 1062 1979 1147 professionem.
2230 1056 2241 1069 ⁸

1275 1202 1339 1268 Sed
1371 1212 1408 1266 ut
1436 1199 1534 1266 huius
1556 1202 1734 1287 agnitionis
1757 1213 1790 1266 et
1806 1200 2027 1285 professionis
2049 1222 2169 1287 propa·

1188 1289 1280 1376 gatio
1303 1287 1361 1351 liat
1404 1307 1443 1351 er
1464 1288 1678 1352 ministerium
1702 1298 1840 1365 certum,
1874 1309 1941 1354 non
1963 1301 2089 1354 tantum
2111 1308 2169 1375 ge·
2243 1320 2247 1328 ¹

1187 1372 1346 1442 neraliter
1389 1396 1407 1437 e
1429 1374 1542 1438 notitia
1563 1386 1597 1438 et
1618 1370 1830 1458 professione
1852 1376 1949 1440 dixit:
1993 1377 2056 1441 sed
2078 1375 2169 1440 addit

1065 1490 1077 1507 ·
1187 1462 1319 1526 tertium
1340 1472 1565 1544 praeceptum,
1589 1462 1753 1546 quomodo
1776 1462 1955 1548 propagari
1977 1472 2012 1526 et
2033 1482 2170 1529 conser-

242 1635 320 1700 Dixi
354 1634 396 1698 dc
417 1620 506 1699 vdris
528 1636 645 1699 usibus
669 1644 701 1698 et
723 1634 764 1699 de
787 1637 960 1701 sententiis
982 1633 1136 1700 adfirma-

155 1724 251 1802 ovis,
286 1741 372 1808 quae
405 1718 460 1785 hic
494 1723 713 1786 continentur.
757 1723 855 1786 Nunc
887 1721 1137 1787 considerentur

156 1810 282 1876 abusus
304 1819 491 1894 pugnantes
515 1829 590 1873 eum
610 1808 835 1886 invocatione,
858 1828 933 1872 cum
956 1808 1136 1894 gratiarum

157 1897 296 1974 actione,
319 1915 396 1967 cunt,
414 1895 557 1979 puritate
579 1880 761 1974 dodinae,
781 1906 898 1959 etcum
911 1892 1135 1959 confessione.

242 2032 294 2097 Ac
307 2039 428 2115 'potest
450 2030 554 2119 longa
577 2031 753 2098 antithesis
774 2033 913 2111 institui,
937 2035 965 2097 si
989 2033 1062 2119 quis
1083 2053 1136 2097 re·

156 2128 246 2205 petat
265 2130 404 2203 peccata
425 2121 607 2206 pugnantia
629 2110 830 2204 comprimo
853 2131 1043 2205 praecepto.

240 2252 326 2320 Sunt
348 2267 458 2321 autem
479 2254 655 2321 manifeste
678 2256 879 2323 contumelia
889 2260 1055 2322 adversus
1077 2274 1136 2321 no·

153 2362 229 2408 men
252 2342 334 2421 Dei,
366 2364 540 2409 sermones
563 2340 736 2430 Cyclopici
758 2356 791 2408 et
812 2343 841 2407 E
865 2345 984 2423 icorei‚
1019 2362 1137 2409 omnes

143 2426 262 2494 dahac
283 2429 523 2508 invocationes,
551 2426 669 2515 quales
690 2443 769 2495 sunt
791 2366 955 2496 idolorum
978 2442 1011 2494 et
1031 2428 1137 2494 homi·

153 2537 232 2581 num
255 2528 472 2595 mortuorum,
493 2528 592 2602 pacta
614 2539 805 2602 magorum,
838 2518 1081 2583 incantationes
1103 2528 1137 2580 et

154 2599 404 2681 fascinationes,
427 2622 541 2667 omnes
564 2598 776 2688 corruptelae
797 2605 1081 2669 veraedoctrinae
1103 2612 1137 2667 et

60 2748 63 2753 .
153 2685 326 2768 haereses,
350 2689 459 2753 omnia
470 2689 625 2774 periuria,
639 2710 754 2756 omnes
768 2685 1006 2772 blasphemiae,
1020 2708 1134 2753 omnes

153 2775 354 2861 praestigiae
372 2774 576 2858 sophisticae
594 2777 776 2840 obruentes
788 2778 969 2853 veritatem,
991 2776 1135 2840 abiectio

102 2870 105 2875 '
154 2863 305 2941 veritatis
325 2863 358 2925 in
382 2858 609 2939 confessione,
633 2859 719 2926 falso
732 2874 929 2946 praetexere
940 2882 1060 2926 nomen
1071 2860 1135 2925 Dei

155 2944 209 3013 vcl
231 2944 416 3027 Evanrelii,
439 2948 620 3025 ambitioni,
644 2949 814 3027 avaritiae,
834 2949 918 3013 odiis
937 2960 969 3012 et
992 2947 1065 3012 aliis
1088 2949 1136 3010 in·

155 3035 252 3099 iustis
274 3034 317 3099 ad
333 3035 475 3110 cetibus,
498 3044 533 3097 ut
546 3032 707 3118 Monachi
729 3047 867 3118 propter
889 3047 1064 3120 quaestum
1086 3046 1136 3098 tu·

155 3132 252 3185 entur
273 3138 368 3184 suam
391 3121 666 3184 cousuetudinem
687 3122 850 3185 vendendi
872 3118 1030 3187 funebres
1059 3120 1137 3185 mis·

156 3224 226 3284 sas,
248 3216 281 3271 et
301 3202 424 3270 multas
442 3203 525 3270 alias
548 3207 813 3291 superstitiones.
846 3208 894 3272 Pa
919 3229 940 3272 a
960 3205 1055 3272 titulo
1077 3207 1137 3271 mi·

155 3293 281 3357 nistorii
305 3292 470 3378 quaesivit
491 3294 690 3377 potentiam,
722 3294 825 3357 movit
847 3231 1013 3358 scelerata
1035 3290 1136 3371 bella,

156 3378 309 3443 adfirmat
330 3398 368 3467 se
389 3398 493 3465 posse
517 3378 698 3444 transferre
720 3399 836 3467 regna.
1083 3390 1087 3399 '

241 3515 389 3582 Pertinet
409 3516 476 3582 huc
499 3530 532 3582 et
550 3519 661 3582 omnia
678 3513 851 3595 scandala,
895 3514 1136 3581 uaeveliidem

154 3600 403 3690 languefaciunt
424 3605 457 3667 in
480 3602 618 3667 iniimnis
640 3605 817 3681 mentibus,
839 3539 895 3668 vd
914 3600 1066 3688 exemplo
1089 3604 1136 3666 in-

155 3691 262 3756 vitant
282 3687 367 3755 alios
389 3691 433 3754 ad
454 3690 611 3754 imitanda
634 3688 765 3770 delicto,
800 3687 854 3754 vel
887 3686 1033 3754 alienant
1055 3686 1136 3753 alio·

139 3798 226 3865 'rum
250 3775 440 3841 voluntates
463 3777 505 3840 ab
528 3775 725 3862 Evangelio,
747 3774 801 3843 vel
821 3773 971 3843 dolorem
983 3771 1138 3841 adferunt

154 3865 232 3949 piis,
254 3874 286 3927 ct
308 3864 443 3928 turbant
466 3882 579 3928 eorum
602 3863 856 3930 invocationem.
1081 3878 1090 3882 ··

242 3999 386 4065 Maxima
417 4019 499 4082 pars
526 4000 693 4065 hominum
726 4012 759 4065 et
785 4000 852 4065 hoc
873 4011 1021 4084 tempore
1041 4019 1138 4083 prae·

128 4098 249 4175 ‘textu
270 4085 493 4172 Evangelicac
513 4084 678 4152 libertatis
699 4084 791 4151 laxat
803 4083 997 4171 discipliuae
1008 4083 1136 4152 frenos.

156 4173 243 4247 Quia
279 4174 365 4238 enim
399 4173 596 4238 audiverunt
628 4170 834 4256 disciplinam
856 4194 923 4237 non
945 4175 1064 4237 mereri
1086 4193 1138 4237 re·

155 4261 347 4326 missionem
369 4270 597 4343 peccatorum,
619 4256 808 4344 voluptates
831 4259 940 4323 minus
963 4260 1137 4324 moderan-

155 4358 229 4430 tur,
261 4359 295 4411 et
326 4347 454 4410 onerati
486 4342 643 4427 crapula,
671 4347 850 4430 impediunt
872 4346 1084 4410 intentionem
1103 4348 1139 4417 in

157 4434 358 4519 cogitatione
381 4432 422 4495 de
434 4431 522 4510 Deo,
544 4443 578 4496 et
598 4433 819 4510 invocatione,
842 4443 876 4496 et
887 4428 1138 4518 languefaciunt

157 4533 267 4586 motus
289 4520 431 4602 Spiritus
454 4518 573 4583 sancti.

244 4655 392 4723 Recitavi
425 4657 562 4721 brevem
593 4654 772 4721 antithesin
779 4680 805 4735 ,·
835 4657 928 4721 cuius
960 4651 1142 4739 explicatio

154 4740 292 4830 longum
325 4739 480 4812 volumen
510 4753 613 4808 esset.
658 4742 726 4808 Sed
749 4740 801 4807 bis
825 4743 1003 4829 generibus
1027 4742 1137 4808 consi·

156 4832 292 4910 demtis,
309 4827 412 4895 multa
434 4827 557 4896 adfinia
578 4830 655 4895 inde
675 4829 814 4895 iudicari
835 4840 989 4915 possunt.

1187 1549 1260 1614 vati
1291 1547 1379 1611 hanc
1410 1546 1559 1611 notitiam
1588 1558 1622 1611 et
1644 1546 1887 1632 professionem
1907 1545 2006 1624 velit,
2039 1546 2170 1612 scilicet

1188 1655 1250 1721 per
1270 1633 1484 1698 ministerium
1508 1635 1651 1698 docendi
1680 1633 1865 1697 doctrinam
1887 1635 2021 1718 abipso
2044 1631 2169 1719 ltatefa·

1188 1732 1284 1799 ctam,
1308 1718 1398 1806 quod
1420 1721 1519 1783 certis
1541 1720 1729 1784 hominibus
1757 1721 2021 1784 commendatum
2045 1731 2114 1799 est,
2137 1729 2170 1783 et

1186 1807 1229 1873 ad
1275 1808 1342 1872 uod
1365 1817 1476 1870 certas
1495 1807 1773 1892 congregationes
1802 1806 1958 1884 instituit,
2012 1826 2074 1870 uas
2096 1807 2170 1891 ipse

1187 1828 1273 1959 tuerl
1294 1891 1376 1970 vult,
1399 1893 1528 1958 etiamsi
1549 1894 1697 1976 potentia
1708 1888 1928 1957 Diabolorum
1950 1903 1984 1957 et
2048 1911 2168 1956 ranno-

1187 2001 1260 2045 rum
1281 1992 1342 2045 eos
1365 1991 1482 2044 coetus
1505 1981 1596 2044 varie
1619 1979 1783 2064 dissipare
1805 1991 1956 2044 conatur.
2073 2042 2077 2049 ,

1274 2117 1343 2182 lam
1375 2119 1483 2202 igitur·
1504 2119 1537 2181 in
1571 2117 1669 2181 tertio
1696 2128 1875 2201 praecepto
1898 2112 1990 2180 velut
2012 2114 2170 2181 custodes

1186 2206 1337 2289 priorum
1368 2205 1599 2268 mandatorum
1633 2205 1819 2282 constituit,
1873 2203 1928 2267 uia
1951 2203 2171 2280 certissimum

1189 2303 1253 2369 est,
1286 2288 1350 2354 bac
1379 2289 1455 2375 lege
1476 2289 1518 2353 de
1540 2290 1692 2354 Sabbata
1721 2224 1957 2371 comprehendi
1986 2299 2090 2353 totum
2111 2287 2171 2351 mi·
2205 2312 2208 2316 ·

1188 2377 1371 2442 nisterium.
1394 2375 1536 2441 instituit
1557 2377 1657 2459 igitur
1679 2373 1733 2438 hic
1755 2376 1914 2440 doctores
1937 2371 2096 2439 coelestis
2111 2375 2167 2445 do·

1189 2465 1326 2540 ctrinae,
1350 2473 1383 2527 et
1404 2464 1453 2527 cis
1477 2461 1685 2526 commendat
1708 2463 1907 2541 doctrinam,
1933 2473 1975 2526 et
2003 2462 2094 2525 addit
2116 2481 2170 2525 ce-

1189 2551 1366 2627 remonias,
1396 2569 1482 2634 quac
1503 2561 1581 2613 sunt
1602 2548 1700 2632 signa
1722 2548 1908 2626 doctrinae,
1944 2561 1974 2612 et
1997 2548 2170 2631 praecipit,

1187 2649 1224 2701 ut
1257 2635 1320 2699 hos
1354 2636 1514 2700 doctores
1541 2633 1628 2697 hanc
1650 2634 1833 2697 doctrinam
1855 2655 1875 2698 a
1898 2634 2170 2715 Deoacceptam

1188 2732 1361 2795 sonantes,
1383 2718 1525 2805 populus
1548 2730 1742 2786 reverenter
1759 2719 1882 2797 audiat,
1908 2730 1940 2784 et
1962 2719 2169 2782 ceremonias

1188 2810 1296 2873 discat
1318 2827 1395 2873 esse
1417 2808 1603 2871 testimonia
1632 2818 1664 2870 et
1687 2802 2023 2873 commonefactiones
2046 2805 2088 2869 de
2111 2824 2169 2868 vo·

1186 2893 1312 2960 luntme
1334 2892 1415 2972 Dei,
1448 2904 1481 2957 et
1514 2895 1547 2956 in
1570 2912 1682 2957 earum
1704 2911 1769 2956 usu
1792 2912 1905 2956 veram
1925 2891 2169 2955 invocationem

1188 2994 1355 3047 exerceat.

1273 3135 1365 3200 Haec
1389 3143 1442 3199 est
1463 3135 1628 3199 sententia
1649 3134 1795 3199 mandati
1817 3133 1859 3197 de
1881 3132 2040 3199 Sabbato.
2084 3131 2170 3195 Nam

1188 3222 1383 3299 Sabbatum,
1407 3243 1481 3287 eum
1504 3224 1547 3285 sit
1570 3221 1641 3284 dies
1664 3222 1844 3301 constituta
1870 3221 1912 3284 ad
1935 3216 2021 3283 haee
2044 3216 2170 3293 officia,

1188 3320 1225 3375 ut
1245 3305 1378 3393 publico
1401 3318 1606 3393 proponatur
1635 3327 1703 3370 vox
1736 3307 1927 3385 doctrinae,
1961 3315 1994 3370 et
2025 3301 2169 3388 publicis

1189 3396 1385 3460 ceremoniis
1408 3391 1848 3481 commonebanthomineS,
1872 3403 1905 3456 et
1927 3388 2069 3475 populus
2092 3410 2170 3453 eon·
2232 3413 2236 3421 ·

1189 3483 1301 3548 veniat
1323 3480 1365 3545 ad
1389 3481 1602 3556 discendnm,
1636 3479 1731 3541 etad
1756 3497 1961 3542 communem
1984 3476 2168 3541 invocatio·

1189 3589 1275 3645 nem,
1296 3567 1476 3650 praecipua
1499 3564 1687 3641 ceremonia
1710 3574 1773 3642 est,
1797 3575 1830 3627 et
1852 3582 1975 3627 nervus
1998 3564 2100 3627 totius
2112 3561 2170 3625 mi·

1188 3652 1324 3718 nisterii.
1353 3652 1431 3716 ideo
1455 3646 1689 3733 comprehendi
1713 3647 1778 3712 hoc
1800 3650 1955 3713 mandato
1978 3649 2019 3713 de
2041 3647 2201 3712 sabbe·
2256 3699 2261 3713 .

1188 3751 1223 3805 to
1246 3751 1349 3804 totum
1371 3737 1586 3816 ministerium
1608 3732 1781 3800 Ecclesiae
1803 3737 1961 3800 sciamus.

1274 3910 1359 3975 Sunt
1380 3910 1481 3996 igitur
1503 3928 1606 3993 opera
1626 3908 1727 3974 buius
1738 3909 1824 3972 tertii
1842 3909 2010 3992 praecepti
2023 3906 2169 3992 propria,

1189 4017 1392 4063 conservare
1419 3998 1452 4060 in
1474 3992 1631 4061 Ecclesia
1661 3995 1875 4059 ministerium
1909 3996 2003 4058 vocis
2026 3993 2168 4069 divinae,

1189 4098 1224 4150 ut
1246 4086 1387 4170 quisque
1405 4103 1468 4147 suo
1490 4080 1567 4147 loco
1590 4084 1698 4147 debet.
1728 4078 1894 4146 Doctores
1917 4102 1937 4144 a
1960 4077 2091 4143 Deoet
2114 4078 2169 4141 de·
2221 4106 2227 4117 ·

1188 4172 1305 4256 inceps
1338 4172 1380 4234 ab
1411 4165 1567 4235 Ecclesia
1600 4169 1709 4234 vocati
1739 4179 1831 4231 recte
1852 4168 2007 4243 doceant,
2032 4184 2169 4230 conser-

1189 4269 1266 4323 vata
1287 4257 1431 4339 puritate
1453 4255 1635 4333 doctrinae,
1659 4256 1751 4320 iuxta
1773 4255 1914 4338 primum
1936 4262 1969 4315 ct
1986 4248 2170 4315 secundom

1189 4354 1415 4429 praeceptum:
1460 4339 1608 4425 Populus
1630 4353 1824 4406 reverenter
1857 4336 2034 4405 conveniat
2055 4346 2090 4401 et
2111 4354 2171 4401 au·

1190 4431 1257 4495 diat
1279 4451 1396 4494 vocem
1419 4431 1602 4505 doctrinae,
1625 4440 1658 4492 et
1679 4429 1733 4512 pie
1753 4423 1952 4490 ceremoniis
1964 4432 2087 4501 utatur,
2110 4424 2171 4487 ob·

1189 4527 1351 4599 temperet
1383 4527 1476 4580 recte
1509 4512 1716 4592 docentibus,
1749 4509 1879 4576 honore
1901 4508 2035 4575 adficiat
2058 4520 2091 4574 et
2113 4509 2170 4573 de·
2214 4544 2219 4549 -

1188 4600 1302 4668 i‘endat
1323 4604 1398 4688 pios
1422 4599 1590 4665 Doctores
1611 4600 1746 4664 adiuvet
1768 4597 1878 4662 studia
1900 4593 2169 4661 neeessarian-

1189 4686 1325 4754 clesiae.
1373 4686 1523 4773 Denique
1545 4704 1660 4751 omnes
1682 4685 1847 4761 homines,
1869 4685 2115 4769 gubernatores
2138 4692 2171 4749 et
2248 4689 2252 4696 '

1188 4772 1332 4861 populus
1356 4786 1484 4851 curent,
1506 4792 1549 4837 ne
1570 4773 1710 4837 intereat
1732 4771 1796 4836 hoc
1817 4771 2044 4835 ministerium.
2077 4767 2171 4833 llaec

1190 4873 1332 4928 estnon
1353 4857 1537 4946 allegorica
1556 4859 1784 4943 interpretatio
1805 4857 1987 4941 praecepti,
2020 4855 2083 4920 sed
2105 4855 2170 4939 pri·

1188 4969 1253 5030 ma,
1276 4950 1402 5024 nativa,
1424 4959 1458 5012 et
1478 4941 1670 5030 principalis
1692 4944 1858 5009 sententia
1878 4940 2006 5009 literae.

1275 5117 1438 5199 licentra,
1471 5129 1613 5204 peccata
1644 5118 1824 5204 pugnantia
1858 5136 1934 5185 cum
1966 5114 2034 5180 hoc
2072 5113 2172 5178 tertio

1967 5232 2014 5286 20·
