4628 5588
164 164 228 232 &l

165 357 315 421 cessaria
349 367 402 422 est
428 356 653 423 Resuscitatio
681 369 909 439 mortuorum,
939 360 1020 445 quia
1051 357 1146 425 Deua

164 443 266 507 edidit
286 444 329 507 de
352 463 393 507 ea
416 444 597 509 decretum.

250 578 400 646 Necesse
434 592 488 646 est
515 582 626 667 perire
649 578 803 660 Saulem,
837 581 913 666 quia
936 599 1057 648 causas
1080 601 1147 647 non

162 674 279 745 mutat,
301 687 385 752 quas
408 677 515 731 tamen
538 687 658 733 revera
679 679 806 732 mutare
827 679 969 752 poterat.
997 668 1069 733 Nec
1090 688 1148 733 ne-

164 771 262 817 cesse
284 749 346 817 luit
368 774 442 816 eum
464 753 647 818 machinari
669 756 802 818 exitium
816 754 946 832 Dandi,
968 764 1025 818 aut
1046 755 1147 819 inter·

163 836 266 904 licere
288 838 500 903 Sacerdotes.
519 840 611 904 Sicut
633 850 667 903 et
684 836 816 906 Samuel
834 840 876 904 de
897 839 1049 905 libertate
1070 841 1149 904 dicit

166 922 196 989 l.
219 923 304 1009 Bag.
330 923 380 988 ld.
415 925 453 989 Si
474 923 541 989 hoc
562 945 631 990 non
653 922 812 1010 fecisses,
836 925 930 991 Deus
953 925 1147 991 coufirmas-

66 1010 72 1026 *
166 1021 218 1074 set
239 1031 379 1105 regnum
396 1022 569 1096 perpetuo.

250 1145 404 1233 Denique
426 1149 535 1213 omnia
557 1168 632 1213 cum
650 1146 743 1226 fiunt,
764 1149 840 1213 ideo
858 1160 938 1212 tunc
954 1151 1147 1213 necessaria

165 1233 331 1311 dicuntur,
364 1234 441 1318 quia
475 1235 754 1299 contradictoriae
789 1254 857 1298 non
885 1247 1028 1319 possunt
1049 1232 1146 1299 simul

88 1331 95 1346 '
164 1339 267 1396 verae
288 1339 377 1397 esse,
399 1329 436 1383 ut
458 1339 532 1383 cum
546 1317 641 1385 l'lato
663 1321 772 1399 sedet,
807 1319 1065 1385 contradictoria
1085 1318 1146 1385 fal·

163 1424 204 1468 sa
225 1415 289 1483 est,
312 1402 409 1469 Plato
430 1424 498 1469 non
521 1404 627 1470 sedet.
674 1403 754 1470 Vult
786 1406 872 1470 enim
894 1404 989 1471 Deus
1013 1409 1146 1472 certitu·

164 1491 273 1556 dinem
295 1487 440 1575 aliquam
463 1510 551 1556 esse.

249 1626 323 1691 Etsi
354 1639 464 1692 autem
496 1648 615 1693 revera
647 1627 732 1692 baec
755 1647 823 1707 res,
849 1625 991 1706 scilicet,
1025 1629 1146 1693 sedere

126 1752 128 1756 ι
163 1711 349 1791 Platonem,
372 1710 538 1779 mutabilis
562 1726 632 1792 est,
654 1711 796 1779 ethaeo
819 1715 1003 1799 propositio
1026 1735 1146 1780 revera

165 1801 362 1885 contingens
392 1811 463 1877 est,
497 1811 606 1863 tamen
640 1800 841 1864 necessitate
875 1802 1145 1885 consequentiae,

164 1896 244 1953 tuno
266 1886 460 1950 necessaria
482 1887 611 1950 dicitur.

250 2021 389 2095 Quoties
433 2033 541 2087 autem
577 2024 619 2086 de
651 2023 853 2088 necessitate
886 2023 1145 2107 consequentiae

164 2109 295 2186 dicitur,
316 2109 497 2191 prudenter
518 2109 739 2173 discernenda
760 2117 838 2170 sunt
861 2126 912 2185 ea,
937 2127 1022 2192 quae
1038 2129 1059 2172 a
1081 2106 1145 2173 Dei

162 2192 335 2260 voluntate
358 2194 511 2278 pendent,
529 2195 572 2258 ab
595 2191 680 2272 aliis,
703 2214 788 2279 quae
810 2194 1033 2340 nonpeudent
1054 2213 1145 2258 avo·

160 2278 289 2345 luntate
300 2277 376 2358 Dei,
394 2279 454 2343 sed
479 2289 603 2344 tantum
625 2281 667 2344 ab
690 2279 835 2343 humana
852 2301 896 2344 vo
910 2279 1144 2343 untateoriun·

161 2377 232 2432 tur:
276 2364 323 2428 Ut
344 2366 538 2430 necessaria
566 2378 618 2429 est
650 2366 851 2430 necessitate
884 2365 1145 2449 consequentiae

161 2452 248 2517 baec
269 2452 476 2536 propositio,
509 2448 631 2516 Mortui
653 2461 850 2528 resurecnt,
880 2451 957 2535 quia
978 2444 1071 2514 aaa
1094 2451 1144 2515 sio

160 2538 321 2614 decrevit,
355 2548 387 2601 et
421 2539 553 2622 quidem
575 2533 733 2622 patefecit
752 2502 821 2601 boc
844 2556 940 2601 suum
963 2536 1143 2614 decretum,

161 2635 196 2690 et
217 2620 289 2687 vult
310 2621 399 2688 hanc
421 2625 708 2688 resurrectionem.
738 2621 805 2686 Sed
828 2621 883 2687 hio
906 2634 1058 2699 eventus,
1081 2619 1144 2686 Pa·

160 2709 208 2774 ris
231 2710 338 2791 rapiet
361 2707 535 2786 Helenam,
560 2711 679 2792 pendet
700 2705 925 2794 principaliter
942 2705 1144 2773 avoluntate

159 2794 314 2860 bumana.
358 2793 401 2859 Et
433 2816 507 2859 cum
541 2795 585 2858 sit
616 2792 723 2860 malus
745 2805 904 2872 eventus,
935 2814 1145 2879 nequaquam

162 2877 329 2947 vulteum
351 2879 456 2945 Deus,
501 2879 543 2945 Et
572 2892 680 2945 tamen
704 2882 782 2966 quia
803 2880 973 2964 praevidet
995 2877 1089 2944 Deus
1112 2879 1145 2942 id

162 2967 251 3054 quod
274 2965 323 3045 fit,
356 2988 545 3052 quanquam
568 2986 624 3030 res
653 2968 727 3050 ipsa
749 2986 870 3030 revera
892 2976 945 3029 est
966 2963 1145 3043 mutabilis,

161 3065 270 3118 tamen
300 3064 436 3136 propter
458 3053 702 3135 praevisionem
731 3053 851 3116 dicitur
879 3051 1065 3198 propositio
1088 3072 1145 3116 ne·

163 3140 314 3202 cessaria
335 3142 537 3202 necessitate
565 3138 835 3221 consequentiae.
907 3134 1004 3200 aulus
1026 3138 1143 3221 inquit,

160 3223 311 3288 Necesse
333 3234 403 3300 est,
425 3235 461 3287 ut
482 3221 642 3287 haereses
666 3224 874 3298 exoriantur,
896 3220 1065 3300 videlicet,
1088 3243 1145 3287 ne·

102 3326 104 3331 ·
162 3310 320 3374 cessitate
338 3311 609 3393 consequentiae,
631 3311 709 3394 quia
731 3328 854 3374 causae
877 3329 944 3370 non
966 3320 1145 3386 mutantur,

161 3408 247 3482 quae
269 3408 380 3459 tamen
401 3414 520 3460 revera
541 3395 661 3473 mutari
683 3401 832 3477 possent.
871 3391 978 3457 lllulta
999 3406 1077 3459 sunt
1097 3396 1145 3458 in·

126 3480 131 3499 ”
161 3484 261 3569 genia
281 3480 382 3561 levia,
405 3483 597 3559 ambitiosa,
620 3483 766 3559 curiosa,
789 3500 873 3566 quae
897 3481 1145 3545 contradicendi

161 3570 305 3633 studium
324 3566 458 3632 babent.
503 3566 595 3631 llaec
617 3565 683 3633 levi
706 3564 816 3652 aliqua
839 3568 1018 3631 occasione
1039 3568 1144 3631 irrita·

160 3665 207 3732 ta,
229 3666 364 3719 movent
386 3654 576 3732 certamina,
600 3663 634 3718 et
657 3664 871 3737 corrumpunt
891 3673 949 3717 res
965 3665 1058 3718 recto
1078 3664 1144 3717 tra·

161 3740 260 3817 ditas,
284 3738 339 3804 vel
357 3741 547 3816 ambitione,
569 3737 623 3804 vel
647 3741 852 3817 curiositate,
869 3736 924 3804 vel
942 3741 1053 3804 studio
1066 3760 1144 3803 con·

162 3825 379 3890 tradicendi..
403 3826 446 3889 Et
467 3825 566 3891 simul
588 3823 753 3891 Diabolus
776 3845 838 3890 sua
859 3822 998 3890 mirabili
1021 3826 1145 3890 astutia

112 3924 115 3929 '
161 3910 225 3976 hos
248 3908 381 3974 furores
404 3913 540 3976 adiuvat
563 3910 685 3976 oblatis
708 3913 956 3990 occasionibus,
967 3909 1021 3976 vel
1033 3913 1143 3977 incen-

53 4023 57 4032 ·
163 3998 216 4063 dia
238 3996 348 4074 autimi,
368 3996 434 4061 boc
458 4010 520 4075 est,
541 4017 666 4082 pravos
688 3996 841 4063 adlectus
865 4017 927 4062 suo
949 3998 1143 4063 adllatuau·

49 4142 56 4151 .
162 4103 257 4170 gens.
301 4083 361 4147 llis
385 4085 498 4147 causis
520 4085 650 4166 positis,
672 4097 858 4167 sequuntur
886 4083 1057 4148 haereses.
1100 4083 1144 4147 Et

157 4190 369 4255 nequaquam
390 4165 446 4231 bic
466 4169 678 4254 imaginando
700 4182 751 4232 est
771 4171 958 4233 necessitas
975 4166 1142 4246 absoluta,

161 4253 215 4321 vel
240 4256 365 4321 Stoica.
399 4254 562 4338 Exposita
584 4254 648 4318 hac
671 4251 897 4320 declaratione
919 4255 961 4318 de
984 4257 1142 4341 gradibus

162 4344 397 4418 necessitatis,
430 4343 494 4407 iam
527 4339 704 4425 explicatio
736 4351 1026 4426 argumentorum,
1058 4361 1143 4426 quae

163 4440 282 4492 contra
292 4448 406 4493 veram
428 4429 626 4492 senteutiam
649 4428 691 4493 de
713 4427 939 4513 contingentia
949 4428 1141 4507 recitantur,

164 4511 274 4578 facilis
297 4525 350 4579 est
371 4525 405 4578 et
426 4515 614 4598 perspicua.

511 4827 692 4910 Primum
722 4839 795 4910 est.

224 5046 520 5176 Determinatn'o
549 5049 688 5134 divina
718 5061 783 5134 est
810 5047 1083 5154 immutabih's,

791 167 905 235 Plllh.
928 168 1034 236 MEL.
1056 167 1246 237 scalpta
1265 166 1546 245 Doumat'tca.
1594 161 1597 165 ’

1261 362 1410 449 Omnia
1449 366 1725 476 contingentia
1738 378 1742 385 '
1756 380 1851 450 sunt
1881 368 2168 475 determinata,
2255 423 2260 439 ι

1259 484 1367 596 Ergo
1399 488 1534 569 omnia
1564 487 1840 599 contingentia
1871 501 1966 571 sunt
1985 489 2178 572 immuta-

1319 606 1425 709 bilia,
1457 619 1499 689 et
1529 636 1603 718 per
1632 637 1883 737 consequens
1913 611 2147 695 necessaria

1285 821 1488 906 Respondeo
1523 824 1565 888 ad
1598 821 1768 889 Maiorem.
1834 823 1887 889 Ex
1908 825 2180 893 determinatione

1200 907 1311 973 divina
1344 919 1469 973 tantum
1502 912 1689 974 necessitas
1723 912 1983 997 consequentiae
2016 932 2055 975 se
2080 912 2180 977 uitur.

1198 991 1241 1058 Et
1273 990 1369 1058 aliter
1401 990 1617 1081 intelligenda
1650 1008 1703 1061 est
1737 998 1965 1062 determinatio
1999 999 2033 1062 in
2057 932 2178 1073 honis,

1198 1099 1284 1164 quae
1306 1078 1377 1144 vult
1397 1078 1505 1160 Deus,
1526 1078 1622 1147 aliter
1642 1082 1676 1147 in
1693 1079 1802 1162 malis,
1819 1101 1906 1169 quae
1923 1103 1992 1148 uon
2010 1082 2094 1164 uult,
2116 1084 2180 1151 sed

1197 1166 1361 1249 pennittit.

1284 1317 1737 1387 Deushancdetermiuans:
1760 1320 1883 1386 Mortui
1893 1337 2081 1409 resurgent,
2104 1323 2177 1389 vult

1197 1404 1286 1477 hanc
1318 1407 1609 1484 resurrectionem,
1643 1417 1677 1472 et
1699 1408 1811 1472 condit
1833 1408 2020 1488 decretum,
2053 1431 2097 1475 ue
2119 1409 2178 1476 liat

1198 1491 1397 1576 oppositum.
1441 1491 1488 1556 At
1510 1493 1732 1557 determinans
1750 1494 1865 1558 istam=
1888 1495 1979 1559 Nero
2001 1494 2178 1561 interficiet

1197 1576 1349 1656 Paulum,
1372 1596 1439 1641 non
1461 1576 1533 1643 vult
1550 1577 1638 1644 hanc
1660 1580 1850 1658 saevitiam,
1882 1581 1942 1645 sed
1969 1583 2123 1665 permittit
2145 1593 2179 1647 et

1198 1664 1392 1727 determinat
1413 1675 1519 1728 metas
1530 1662 1680 1730 furorum
1691 1665 1846 1744 Neronis,
1867 1679 1904 1730 ut
1927 1669 1968 1733 dc
1986 1667 2177 1733 Sennache-

1197 1749 1247 1812 rib
1270 1750 1388 1814 dicitur
1409 1749 1441 1811 t.
1464 1749 1548 1836 Beg.
1575 1750 1625 1814 lu.
1692 1750 1819 1816 Ponam
1848 1751 2002 1819 chamum
2022 1755 2057 1819 in
2078 1751 2177 1820 labiis

1197 1836 1274 1914 tuis,
1298 1845 1332 1899 et
1347 1836 1504 1901 reducam
1524 1848 1569 1915 te,
1593 1847 1656 1901 etc.

1215 2002 1218 2008 ·
1284 1978 1375 2053 llaec
1408 2000 1485 2053 sunt
1517 1985 1678 2074 simplicia
1710 2000 1744 2054 et
1775 2011 1868 2070 vera,
1900 2003 1933 2056 et
1963 1994 2177 2058 conscientiis

1196 2073 1299 2139 utilia.
1344 2073 1428 2138 Nam
1451 2075 1568 2140 Stoica
1589 2072 1647 2140 illa
1669 2076 1860 2162 imaginatio
1882 2079 2095 2144 necessitatis
2116 2080 2176 2144 im·

1196 2162 1288 2310 piqdlq
1307 2161 1561 2239 invocationem,
1586 2173 1620 2227 et
1642 2161 1929 2228 confirmatmulta
1940 2163 2029 2266 mala
2049 2166 2084 2230 in
2105 2185 2176 2230 mo·

1571 2540 1814 2628 Secundum.

1197 2761 1356 2848 Causae
1394 2765 1596 2847 secundae
1637 2795 1720 2847 non
1758 2781 1887 2876 agrmt
1917 2769 2002 2851 sine
2033 2771 2174 2881 prima,

1197 2883 1408 2970 Secundae
1440 2898 1568 2996 agunt
1597 2886 1832 2991 necessario,

1196 3005 1304 3116 Ergo
1336 3020 1379 3086 et
1407 3007 1537 3116 prima
1568 3007 1791 3090 necessario
1823 3009 1940 3090 simul
1967 3010 2128 3120 rapitur.

1282 3217 1530 3306 Simplicissima
1559 3234 1591 3286 et
1624 3223 1874 3307 expeditissima
1904 3227 2081 3308 responsio
2110 3241 2175 3308 est,

1197 3309 1364 3371 secundas
1397 3328 1465 3372 non
1497 3328 1599 3396 agere
1620 3310 1692 3374 sine
1714 3312 1819 3394 prima
1836 3321 2054 3390 sustentante,
2088 3334 2176 3397 quaa

1196 3405 1308 3458 tamen
1339 3391 1507 3457 liberrime
1532 3397 1712 3474 concurrit,
1747 3398 1816 3481 ugit
1849 3409 2007 3482 quantum
2036 3396 2118 3478 vult,
2141 3410 2176 3465 et

1197 3491 1361 3565 quatenus
1384 3477 1465 3560 vult,
1488 3493 1521 3544 et
1539 3478 1635 3544 aliter
1657 3484 1825 3547 concurrit
1846 3484 1879 3546 in
1898 3484 2056 3569 regendis
2079 3486 2174 3549 moti·

1197 3568 1260 3630 bus
1283 3563 1494 3645 coelestibus,
1519 3567 1552 3630 in
1572 3569 1718 3715 repanda
1739 3569 1856 3632 dextra
1878 3567 2036 3642 Davidis‚
2059 3582 2092 3635 et
2115 3569 2175 3637 ali·
2243 3568 2246 3573 ’

1197 3661 1247 3716 ter
1269 3653 1301 3715 in
1314 3655 1531 3718 sustentando
1546 3651 1614 3717 Sau
1628 3673 1659 3731 e,
1682 3655 1775 3718 cuius
1788 3652 1942 3720 voluntas
1960 3654 2062 3721 hahet
2079 3677 2176 3722 suam

1196 3739 1359 3824 quandam
1384 3751 1418 3803 et
1438 3738 1606 3823 propriam
1627 3740 1801 3806 actionem.

1282 3893 1343 3958 llic
1377 3904 1410 3958 et
1443 3891 1532 3957 dicta
1565 3893 1726 3978 quaedam
1759 3889 1958 3978 explicanda
1979 3907 2067 3976 sunt,
2089 3916 2177 3982 quaa

1194 3979 1357 4044 interdum
1391 3979 1629 4063 detorquentur
1662 3979 1705 4043 ad
1735 3980 1995 4046 confirmandam
2027 3981 2176 4049 Stoicam

1194 4067 1440 4143 necessitatem,
1477 4086 1551 4129 cum
1586 4077 1694 4130 tamen
1729 4062 1830 4153 longe
1862 4063 1959 4131 aliam
1992 4068 2176 4135 doctrinam

1196 4153 1399 4228 contineant,
1430 4172 1516 4235 quae
1549 4149 1639 4217 utilis
1672 4165 1725 4217 est
1758 4153 1857 4219 honis
1889 4155 2064 4235 mentibus,
2099 4176 2175 4221 cum

1195 4239 1312 4302 dextre
1334 4233 1537 4322 intelligitur.

1284 4389 1440 4459 Salomon
1462 4391 1581 4475 inquitt
1600 4391 1706 4457 Homo
1729 4405 1908 4478 praeparat
1929 4395 2088 4471 animam,
2112 4396 2175 4460 sed

1194 4476 1289 4543 Deus
1311 4479 1474 4563 gubernat
1495 4474 1654 4565 linguam.
1719 4478 1756 4543 ln
1778 4477 1844 4543 hoc
1866 4478 1953 4543 dicto
1980 4481 2175 4545 discernun-

1195 4574 1249 4629 tur
1270 4560 1410 4642 Eleotio,
1429 4584 1515 4648 quae
1537 4576 1590 4628 est
1612 4567 1645 4630 in
1667 4561 1849 4643 voluntate,
1873 4576 1906 4629 ct
1917 4564 2075 4630 Eventus.
2096 4563 2174 4633 Ele·

1196 4651 1262 4715 ctio
1283 4646 1388 4714 libera
1410 4663 1474 4728 est,
1498 4651 1614 4736 quiaa
1635 4649 1710 4715 sola
1730 4647 1900 4716 voluntate
1922 4653 2037 4717 oritur.
2104 4650 2175 4719 Sed

1195 4747 1347 4813 creutus,
1380 4735 1423 4799 ad
1456 4758 1554 4823 quem
1589 4756 1788 4803 concurrere
1820 4732 1940 4801 multas
1970 4757 2093 4802 causas
2115 4758 2173 4805 ne·

1196 4841 1294 4885 cessa
1326 4832 1389 4899 est,
1421 4843 1487 4888 non
1523 4833 1575 4888 est
1630 4843 1747 4888 torsus
1773 4823 1806 4885 in
1829 4833 1993 4906 potestate
2015 4820 2171 4889 volentia.

1194 4905 1241 4971 Ut
1260 4905 1436 4992 Pompeius
1459 4907 1529 4974 vult
1551 4845 1686 4988 bellum,
1709 4921 1743 4973 et
1764 4905 1870 4972 libere
1892 4921 1924 4972 et
1940 4911 2174 4996 contingenter

1194 4990 1276 5058 vult.
1320 4992 1436 5080 anue
1457 5005 1637 5082 προαίρεσις
1659 4995 1764 5059 estin
1786 5004 1952 5078 potestate
1979 4993 2172 5061 voluntatis.
2231 5014 2234 5019 ·

1195 5076 1265 5146 Sed
1286 5092 1425 5147 eventus
1448 5082 1550 5149 hahet
1570 5079 1685 5166 plures
1706 5100 1839 5151 musas.
1895 5080 2043 5149 Victoria
2063 5085 2172 5149 noua
