4628 5588
43 300 59 338 b

110 158 178 229 ldd
738 158 851 228 rum
871 160 977 228 brat,
999 159 1187 229 summ
1207 158 1486 229 DDCMA'DCA.
1556 210 1561 217 ·
2075 159 2144 228 m

134 533 141 546 ’
182 564 533 650 sumamma
563 564 643 647 ux
658 615 660 618 .
675 562 1237 660 suomssssonrrrums.
1260 562 1607 670 cornuorum
1641 563 1798 670 uuus
1829 562 2069 651 nocuum

248 734 618 822 rusucurium
650 735 887 823 currum
917 737 1012 821 nur
1042 737 1181 844 ussu,
1213 736 1564 825 Puouovuuu
1593 732 1997 826 uvuuouurmr·

956 961 1291 1048 PRAEFATIO.

199 1180 236 1246 ln
259 1182 383 1246 Genesi
407 1183 607 1247 describitur
630 1183 740 1247 odium
764 1194 796 1247 et
819 1183 960 1248 saevitia
972 1181 1095 1248 diaboli
1148 1187 1181 1250 id
1204 1197 1268 1264 est,
1291 1181 1405 1263 effice,
1439 1194 1475 1248 ut
1496 1195 1589 1248 recte
1612 1194 1837 1269 agnoscatur,
1868 1195 1902 1249 et
1923 1184 2147 1268 praedicetur

111 1270 278 1336 adversus
301 1266 469 1333 Christum
503 1281 536 1333 et
558 1270 707 1334 membru
729 1266 871 1348 Christi,
895 1291 970 1356 cum
993 1271 1024 1333 in
1049 1271 1097 1335 uit
1149 1291 1269 1336 nornen
1291 1281 1393 1351 tuum,
1416 1272 1445 1335 si
1464 1281 1498 1334 tu
1522 1271 1605 1354 ipse,
1628 1269 1935 1349 sciensveritatem,
1958 1271 2045 1336 sinis
2065 1289 2147 1335 earu

113 1355 304 1440 Scripturas
324 1355 472 1440 Serpens
495 1356 660 1421 mordebit
682 1352 877 1422 calcaneum
906 1358 987 1422 eius.
1065 1359 1096 1422 ic
1149 1360 1308 1444 opprimi,
1330 1370 1387 1422 aut
1411 1356 1589 1425 coniinnas
1612 1356 1729 1441 impios
1751 1352 1876 1434 cultus,
1904 1378 1972 1420 non
1995 1352 2145 1422 confers

110 1461 247 1508 morsus
270 1463 368 1528 quam
399 1442 443 1506 sit
464 1453 579 1520 atrox,
608 1439 700 1508 nulla
722 1441 867 1508 bumana
896 1464 963 1508 vox
986 1440 1097 1529 eloqui
1150 1446 1293 1509 studium
1322 1445 1364 1508 ad
1386 1442 1605 1508 illustrandos
1627 1462 1728 1507 veros
1756 1439 1877 1507 cultus.
1921 1443 1997 1516 Quo
2021 1443 2146 1508 animo

111 1541 233 1614 potest.
751 1577 753 1581 ν
1149 1533 1253 1597 audes
1276 1532 1434 1596 invocare
1456 1529 1583 1609 Deum,
1606 1530 1636 1593 si
1657 1530 1730 1613 ipsc
1752 1530 1881 1595 adiutor
1910 1550 1967 1608 es,
1999 1543 2041 1594 ut
2066 1530 2146 1595 eius

258 1623 260 1626 ’
1149 1619 1264 1682 notitia
1287 1620 1447 1683 obruatur
1469 1616 1638 1682 tenebris?

199 1700 347 1766 incendit
369 1699 525 1767 diabolus
540 1702 669 1788 impios,
692 1716 728 1769 ut
750 1701 898 1768 lacerent
910 1701 1097 1769 Ecclesiam

112 1785 329 1853 horribilibus
347 1790 544 1874 parricidiis,
556 1789 638 1853 serit
649 1788 820 1870 scandala,
835 1791 1009 1855 insidiatur
1020 1812 1097 1855 sau·
1236 1790 1321 1855 Nam
1344 1792 1476 1856 exaudit
1504 1788 1598 1855 Deus
1622 1809 1698 1867 eos,
1724 1790 1779 1875 qui
1802 1788 1906 1872 ipsius
1931 1787 2078 1875 gloriam
2102 1785 2146 1852 il·

113 1877 195 1955 ctis,
227 1887 265 1941 ut
287 1895 348 1940 eos
370 1876 404 1939 in
428 1895 566 1941 errores
589 1889 621 1940 et
648 1889 792 1962 peccata
813 1880 1027 1963 praecipitet,
1062 1889 1098 1942 ut
1149 1876 1285 1942 lustrari
1319 1890 1353 1942 et
1382 1877 1531 1965 conspici
1559 1874 1693 1954 nolunt,
1724 1877 1811 1941 sicut
1835 1872 1958 1940 Psalm.
1991 1873 2045 1938 16.
2074 1875 2144 1941 ait:

111 1959 280 2027 Davidem
303 1964 402 2026 traxit
422 1963 457 2027 in
479 1960 689 2027 adulterium.
734 1961 770 2028 ld
793 1976 966 2048 peccatum
979 1975 1097 2030 secuta
1149 1965 1226 2029 Non
1250 1985 1309 2028 ero
1333 1985 1457 2029 memor
1479 1963 1620 2028 nominis
1643 1982 1759 2027 eorum
1783 1973 1846 2026 etc.
1890 1961 1965 2026 lloc
1990 1959 2144 2026 horren·
2187 2001 2193 2025 ι

112 2060 166 2114 est
188 2049 319 2127 seditio,
342 2047 563 2134 deindesiuga
585 2047 740 2129 Davidis,
764 2053 887 2116 caedes
910 2053 1042 2131 civium,
1065 2063 1098 2117 et
1150 2054 1228 2117 dum
1281 2064 1432 2116 eccatum
1459 2073 1533 2121 uum
1555 2050 1653 2135 pauci
1675 2047 1879 2134 intelligant,
1901 2049 2143 2113 admonendae

112 2132 177 2200 alia
199 2136 346 2220 ingentia
379 2147 533 2221 peecata.
576 2136 634 2201 Sic
656 2137 746 2203 omni
773 2149 922 2222 tempore
944 2136 1098 2203 diabolus
1150 2150 1228 2204 sunt
1250 2074 1436 2202 Ecclesiae.
1481 2137 1554 2210 Qua
1578 2138 1784 2201 conscientia
1810 2132 1896 2220 legis
1918 2136 1951 2199 in
1982 2133 2142 2199 Psalmor

21 2304 23 2309 .
111 2236 146 2288 et
179 2221 367 2287 deformare
408 2234 442 2287 et
475 2221 588 2287 delere
621 2208 722 2288 variis
768 2225 876 2289 modis
910 2221 1098 2289 Ecclesiam
1149 2225 1390 2292 Laudationem
1400 2221 1535 2289 Domini
1560 2221 1713 2308 loquetur
1730 2244 1769 2287 os
1793 2243 1912 2300 meum,
1935 2222 1970 2286 Si
1994 2242 2066 2285 non
2082 2242 2142 2288 aa·

112 2307 235 2374 Christi
259 2323 409 2387 conatur,
432 2322 467 2374 ut
490 2308 625 2373 aboleat
636 2332 749 2374 veram
770 2312 966 2386 doctrinam,
991 2322 1023 2374 et
1041 2331 1098 2374 ve·
1150 2333 1206 2375 ras
1240 2306 1400 2375 celebrari
1425 2332 1522 2375 veras
1552 2308 1617 2375 Dei
1648 2308 1785 2374 laudes?
1828 2308 1933 2373 Nemo
1968 2309 2140 2373 existimet

111 2418 170 2461 ros
192 2392 258 2459 Dei
282 2393 402 2460 uultus,
448 2396 623 2460 Adversus
651 2394 740 2459 hunc
763 2408 829 2460 tum
860 2396 1010 2461 rubidum
1041 2399 1098 2459 iro·
1150 2399 1236 2462 harre
1271 2419 1384 2461 curam
1408 2397 1488 2460 nihil
1511 2400 1552 2461 ad
1574 2419 1611 2461 se
1632 2398 1814 2481 pertinere,
1848 2397 1918 2457 sed.
1943 2405 2080 2459 tantum*
2097 2396 2139 2460 ad

112 2494 199 2546 stem
221 2483 342 2545 armari
363 2501 427 2546 nos
456 2483 560 2546 verbo
583 2479 648 2545 Dei
681 2493 714 2546 et
735 2480 803 2546 fida
825 2493 967 2566 oportet.
1013 2478 1098 2546 Cum
1132 2484 1318 2548 doctores.
1353 2483 1478 2546 Omnes
1501 2482 1543 2546 ad
1566 2481 1633 2545 hoc
1654 2484 1833 2567 praecipue
1857 2482 1983 2545 conditi
2007 2502 2132 2560 sumus,

112 2571 211 2655 igitur
240 2571 390 2654 tyrannis
414 2570 584 2653 impiorum
613 2566 750 2645 multos,
780 2569 980 2659 quinorum
1012 2569 1099 2654 piam
1150 2570 1192 2634 ad
1215 2566 1282 2634 hoc
1304 2570 1408 2641 renati
1431 2589 1563 2646 sumus,
1595 2579 1632 2632 ut
1659 2588 1719 2653 per
1747 2587 1810 2631 nos
1833 2566 1943 2631 luceat
1967 2589 2054 2633 vera
2076 2567 2130 2632 Del

16 2655 18 2660 ’
113 2655 317 2733 doctrinam,
351 2656 533 2734 deterreat,
566 2675 632 2740 quo
661 2657 769 2721 minus
802 2654 955 2720 confiteri
976 2656 1100 2731 ausint,
1149 2655 1279 2732 notitia,
1304 2656 1389 2718 sicut
1403 2651 1527 2718 Paulus
1549 2668 1650 2719 vocat
1671 2651 2004 2733 Thessalonicenses,
2028 2653 2134 2720 lucar·

114 2739 239 2826 collegi
258 2743 453 2818 sententias,
475 2753 508 2806 et
530 2742 573 2806 ad
591 2741 841 2807 confirmandos
854 2763 925 2822 eos,
949 2744 1003 2828 qui
1024 2763 1098 2806 con·
1150 2763 1213 2807 nas
1240 2742 1362 2806 mundi.
1408 2741 1450 2805 Et
1473 2739 1593 2805 Petrus
1616 2741 1677 2819 uit,
1711 2762 1775 2805 nos
1802 2741 1878 2804 ideo
1912 2760 1953 2804 ex
1988 2742 2138 2806 tenebris

112 2829 260 2905 fitentur,
283 2840 315 2892 et
344 2831 387 2894 ad
412 2829 613 2894 erudiendos
636 2842 670 2893 et
692 2830 888 2895 excitandos
911 2834 1098 2915 segniores,
1151 2840 1292 2895 vocatos
1317 2847 1405 2908 esse,
1429 2839 1464 2893 ut
1479 2827 1711 2894 annuntiemus
1728 2848 1769 2891 ac
1785 2823 1996 2892 celebremus
2014 2827 2138 2893 doctri·

113 2926 150 2981 ut
172 2914 281 2979 sciant
303 2913 413 2979 Deum
446 2917 626 3001 praecipue
654 2915 806 3002 flagitare
840 2910 930 2980 hunc
965 2913 1099 2992 cultum,
1152 2938 1227 2980 nam
1251 2912 1440 2981 coelestem.

113 3014 150 3068 ut
173 3000 401 3080 conliteamur,
418 3016 453 3066 ut
467 2998 680 3067 conseramus
699 3000 886 3080 consilium,
910 3017 943 3070 et
954 3003 1100 3067 studium

114 3088 158 3154 ad
182 3085 424 3166 illustrandam,
446 3090 489 3152 ad
513 3091 764 3175 propagandam
787 3112 902 3173 puram
926 3085 1101 3174 Evangelii
1239 3088 1335 3152 Hunc
1356 3087 1455 3152 finem
1479 3100 1512 3152 et
1535 3085 1675 3172 scopum
1692 3088 1835 3151 omniurn
1855 3088 2062 3172 negotiorum
2084 3095 2135 3146 at·

116 3177 312 3240 doctrinam.
357 3174 429 3238 Nec
458 3177 501 3239 ab
528 3173 594 3239 hoc
616 3173 728 3242 ossicio
753 3178 913 3241 deterreri
937 3195 999 3240 nos
1022 3172 1100 3239 ullis
1152 3196 1217 3261 que
1240 3176 1406 3239 actionum
1428 3175 1525 3239 nobis
1548 3194 1792 3260 proponamuS,
1826 3185 1863 3237 ut
1894 3174 1929 3237 in
1958 3172 2042 3234 omui
2064 3168 2159 3242 vita·

115 3259 273 3347 periculis
295 3258 437 3345 publicis
460 3273 516 3325 aut
538 3262 676 3346 privatis
703 3263 860 3327 sinamus.
895 3262 932 3328 lrr
954 3280 1102 3347 quocun·
1153 3263 1296 3328 emineat
1319 3262 1461 3331 studium
1484 3261 1664 3346 iuvandae,
1699 3261 1882 3338 ornandae,
1912 3255 2133 3324 celebrandae

116 3361 184 3435 'que
207 3350 295 3413 vitae
318 3369 442 3435 genere
465 3350 626 3426 versaris,
644 3345 753 3429 effice,
776 3362 812 3415 ut
834 3348 946 3415 luceat
969 3348 1101 3414 confes·
1153 3370 1254 3415 verae
1277 3349 1450 3413 doctrinae
1472 3362 1505 3411 et
1529 3369 1629 3412 verae
1651 3347 1793 3431 pietatis.
1830 3345 1897 3410 Pro
1917 3343 1979 3407 hac
1999 3336 2127 3421 profes·

30 3474 45 3483 ⁴
116 3437 186 3513 sio,
208 3449 244 3499 ut
263 3434 386 3520 aliquid
410 3432 540 3500 consilii
565 3448 597 3499 et
619 3457 743 3537 operae
767 3433 924 3501 conferas
952 3439 995 3501 ad
1024 3457 1102 3521 prou
1153 3439 1249 3500 sione
1272 3431 1385 3500 subire
1406 3449 1439 3499 et
1456 3431 1608 3519 pericula
1630 3449 1664 3498 et
1675 3434 1864 3511 certamina,
1886 3431 1976 3494 etium
1987 3433 2133 3486 mortem

116 3522 306 3587 vehendum
334 3520 564 3608 Evangelium.
617 3528 649 3590 Sr
679 3526 776 3610 geris*
792 3524 1038 3610 magistratum,
1072 3523 1101 3583 si
1155 3534 1325 3607 oppetere,
1348 3543 1509 3587 summum
1533 3533 1584 3585 est
1607 3520 1818 3600 sacrificium,
1838 3529 1869 3583 et
1885 3514 1969 3579 Deo·
1982 3510 2138 3614 gratissi:

118 3611 286 3694 gubernas
308 3606 447 3672 aliorum
472 3607 630 3689 consilia,
663 3611 692 3673 si
720 3612 803 3674 civis
826 3630 883 3689 es,
915 3611 1101 3675 memineris
1153 3630 1261 3688 mum,
1283 3611 1315 3673 iu
1339 3607 1410 3687 his,
1432 3610 1488 3695 qui
1512 3609 1651 3672 credunt
1672 3605 1817 3672 Christo.
1859 3603 1913 3668 hu
1932 3597 2032 3665 huius
2056 3606 2140 3661 tantr

117 3706 219 3759 totam
242 3694 329 3759 hanc
352 3697 440 3760 vitae
467 3697 659 3761 societatem
689 3695 914 3781 principaliter
941 3699 984 3760 ad
1013 3695 1102 3761 hunc
1155 3696 1265 3762 oflicii·
1279 3697 1513 3782 cogitationem
1535 3708 1572 3759 ut
1593 3696 1821 3759 accendantur
1842 3689 1952 3767 animi,
1975 3682 2141 3788 collectae

118 3781 218 3847 finem
241 3782 397 3846 divinitus
419 3782 598 3847 institutam
622 3803 709 3855 esse,
731 3797 768 3849 ut
784 3782 879 3848 Deus
902 3785 1102 3864 innotescat,
1155 3795 1233 3849 sunt
1254 3782 1318 3848 hae
1342 3786 1545 3861 Sententiae,
1573 3803 1658 3867 quae
1691 3802 1758 3845 non
1781 3782 1823 3844 ab
1853 3778 1996 3842 humana
2018 3783 2141 3836 auton·

119 3880 156 3933 ut
178 3864 234 3931 alii
267 3866 352 3932 alios
376 3870 522 3934 devera
555 3871 716 3956 religione
739 3871 889 3935 doceant.
937 3871 1017 3934 Sine
1037 3867 1103 3932 hac
1131 3883 1222 3938 ¹tute
1243 3882 1336 3935 ortae
1358 3881 1453 3947 suut,
1483 3871 1543 3933 sed
1569 3879 1646 3932 sunt
1667 3887 1770 3932 voces
1794 3864 1975 3940 coelestes,
1998 3876 2142 3945 quarum

52 3984 56 3989 ·
120 3950 337 4020 consessione
371 3966 506 4020 caetera
528 3952 640 4020 officia
663 3955 737 4020 Deo
764 3979 831 4022 non
855 3954 998 4042 placent.
1043 3957 1105 4019 ita·
1130 4013 1133 4033 ;
1156 3969 1381 4041 contemptum
1392 3954 1486 4020 Deus
1509 3955 1701 4041 ingentibus
1723 3955 1841 4039 poenis
1864 3954 1896 4017 in
1919 3949 1982 4014 hac
2005 3946 2083 4028 vita,
2107 3955 2142 4007 ct

14 4097 17 4106 .
120 4061 185 4125 que
219 4041 250 4103 in
274 4041 356 4124 ipsis
379 4043 552 4125 precihus,
585 4063 670 4127 quas
704 4045 899 4121 recitamus,
933 4043 1105 4128 Scriptura
1130 4054 1133 4111 i
1154 4055 1232 4128 post
1255 4042 1342 4110 harro
1364 4044 1465 4107 vitam
1484 4043 1601 4124 punire
1623 4038 1729 4106 solet&
1760 4039 1805 4104 Ut
1826 4040 1929 4126 igitur
1950 4037 1982 4100 in
2006 4036 2143 4098 invoca·

117 4143 184 4191 nos
207 4128 380 4206 admonet,
413 4130 659 4196 invocationem
681 4131 756 4195 sine
786 4129 850 4195 hoc
874 4130 966 4195 cultu
990 4142 1104 4195 contu·
1130 4119 1132 4199 Ῠ
1156 4132 1244 4195 tione
1267 4150 1333 4195 non
1357 4127 1516 4194 reclamet
1538 4129 1597 4193 tibi
1622 4129 1838 4207 conscientia,
1860 4137 1899 4192 ut
1920 4141 2041 4210 preces
2063 4131 2140 4183 tuas

119 4211 292 4278 meliosam
327 4229 424 4293 esse,
458 4217 620 4308 adversus
654 4216 774 4281 Deum.
820 4217 895 4290 Quo
930 4237 1003 4289 ore,
1038 4238 1105 4303 qua
1129 4206 1133 4329 j
1155 4218 1311 4281 exaudiat
1332 4214 1445 4293 Deus,
1477 4213 1567 4280 hunc
1591 4213 1713 4280 cultum
1735 4216 1777 4278 de
1799 4210 1987 4280 adiuvanda
2009 4220 2041 4273 et
2064 4223 2140 4291 pro·

120 4302 327 4366 couscientia
347 4313 444 4385 potes
462 4304 587 4369 dicere:
610 4302 844 4370 Sanctificetur
860 4323 983 4369 nomeu
1000 4314 1104 4384 tuum,
1129 4343 1133 4377 1
1155 4305 1320 4398 movenda
1342 4299 1516 4390 Evangelii
1537 4302 1779 4391 propagatione
1801 4311 1985 4386 praestato.

484 4599 840 4687 SENTENTIAE
871 4604 947 4687 DE
960 4600 1381 4696 ,PROMOVENDO
1413 4595 1760 4693 EVANGELIO.

494 4853 626 4920 Exodi
648 4855 723 4921 XX.
908 4927 913 4934 ,
1128 4874 1131 4941 t
1242 4857 1320 4923 Non
1342 4879 1495 4924 assumes
1517 4878 1639 4923 nomen
1652 4856 1786 4922 Domini
1794 4853 1860 4921 Dei
1881 4854 1929 4922 tui
1951 4854 1984 4919 in
2007 4873 2148 4933 vanum,

1128 4944 1222 5011 'nec
1244 4945 1330 5010 enim
1351 4941 1489 5011 habebit
1520 4947 1686 5011 insontem
1707 4942 1889 5020 Dominus,
1922 4943 1978 5030 qui
2010 4960 2148 5007 assum·

207 5020 238 5087 E
307 5044 381 5090 sum
403 5024 568 5094 Dominus
590 5025 686 5095 Deus
719 5042 810 5096 tuus.
853 5030 932 5096 Non
962 5031 1105 5099 habebis
1157 5033 1261 5120 pserit
1279 5051 1398 5099 nomen
1422 5031 1559 5100 Domini
1579 5027 1646 5097 Dei
1668 5031 1721 5096 sui
1740 5027 1875 5097 hurbe.

120 5113 207 5180 daos
266 5109 360 5177 'enos
382 5132 496 5180 coram
517 5133 583 5182 me.
911 5131 915 5144 ·
1816 5122 1825 5138 ’
