4628 5588
174 112 254 276 ιδῃ
750 204 837 272 Vlll.
860 146 1083 272 DEFENSlD
1106 204 1306 273 OONlUGll
1327 204 1648 283 saeculiarum..
2008 252 2014 273 -.
2106 207 2205 283 ‚m

180 402 257 476 idda
278 394 791 480 tantoni'procreationlscausa
811 394 970 473 utendum
992 414 1081 473 esse,
1104 393 1167 465 sed
1188 388 1196 449 l
1217 396 1412 462 moniorum.
1446 394 1558 482 Atque
1579 392 1665 462 baec
1686 396 1865 480 probibitio
1887 397 1998 462 statim
2020 396 2205 486 postdpo·

176 470 288 554 ledam
326 492 364 549 ut
399 482 450 571 sit¹
481 480 660 548 reruedium
700 478 880 548 errantium
921 480 1166 568 appetitionum
1216 478 1335 547 stolica
1356 493 1509 565 tempora
1531 493 1711 549 concutere
1721 479 1893 548 Ecclesias
1916 485 2037 567 coepit.
2072 483 2203 553 lllottta·

188 572 303 639 blanet
323 566 492 635 inclinatio
517 566 718 647 adsertam,
736 583 829 654 uquae
850 579 902 632 est
924 565 1032 655 στοργή
1054 562 1167 652 poema*
1217 587 1283 632 nus
1293 578 1328 632 et
1344 566 1506 646 illurciou,
1527 578 1564 633 ut
1586 588 1626 634 sc
1636 570 1846 634 venditarent
1867 568 2077 635 simulatione
2101 572 2203 638 maio·
2271 634 2277 643 ,

188 680 209 725 a
231 656 308 723 Deo
330 656 431 721 indita
453 664 592 720 naturae
613 652 798 739 bominum,
821 654 881 719 sed
909 674 998 719 nunc
1020 654 1093 719 sine
1115 674 1168 719 or·
1217 654 1265 723 ris
1287 652 1449 738 puritatis,
1472 653 1713 739 prohibuerunt
1734 676 1775 720 ac
1792 656 1988 721 damnarunt
2000 656 2202 744 coniugium.

188 745 266 811 din'e
286 760 329 808 va
357 753 441 806 etur.
484 738 599 806 Comi
625 741 690 805 itur
714 760 755 805 eo
777 740 884 826 magis
911 761 996 825 opus
1023 740 1067 804 sit
1088 760 1167 805 con·
1217 738 1271 805 Ac
1291 755 1406 804 narrat
1426 738 1544 805 horum
1567 738 1772 826 Epiphanius
1794 738 1962 805 horrenda
1984 742 2122 830 ilagitls,
2145 745 2203 810 de·

184 832 297 918 tagre,
326 765 406 894 ‹lixtt
429 824 574 893 Paulus:
642 827 775 892 itandae
807 825 1022 892 scortationis
1051 845 1167 905 causa,
1218 846 1284 910 que
1300 827 1391 910 ipso
1420 827 1586 911 dogmatis
1613 839 1730 895 autore
1757 825 1929 892 Marcione
1957 830 2094 908 scribit,
2127 840 2204 897 lium

186 916 418 1003 unusquisque
434 928 571 979 uxorem
593 932 689 977 suam
710 912 840 977 habeat
873 911 945 977 Nec
967 909 1077 979 levem
1092 931 1168 977 seu·
1218 927 1395 995 exceptum
1423 911 1569 995 hospitio
1603 912 1795 998 aquodam
1826 912 1979 978 Diacono
2009 917 2042 980 in
2073 902 2202 1003 Cy'lrta,

186 1003 325 1069 ie'ntiam
353 1011 505 1086 putemus
532 999 694 1065 adiectam
728 1018 807 1063 esse
827 998 870 1062 ad
892 1009 1105 1083 praeceptum
1133 997 1169 1061 in
1218 999 1399 1064 abduxisse
1420 1002 1462 1063 ab
1487 999 1618 1083 hospite
1632 1019 1777 1064 uxorem
1799 999 1917 1081 ipsius,
1941 1000 2114 1087 deceptam
2127 1012 2203 1089 ripa-

187 1088 331 1166 lienesi,
354 1088 411 1154 ubi
438 1086 481 1150 de
502 1084 748 1164 benedictione,
770 1085 813 1149 de
835 1085 1068 1169 procreatione
1089 1083 1168 1151 dici·
1219 1084 1269 1147 cie
1297 1104 1405 1149 novae
1435 1083 1617 1172 religionis.
1654 1085 1724 1148 Sed
1746 1106 1822 1151 cum
1844 1086 2021 1152 abductam
2050 1101 2203 1172 stupras-

188 1187 257 1241 tur:
281 1173 344 1238 llio
365 1172 496 1237 additur
518 1172 668 1237 doctrina
685 1171 729 1237 de
752 1170 909 1250 remedio,
930 1182 968 1235 ut
989 1171 1097 1257 magis
1120 1170 1168 1234 in·
1218 1182 1271 1236 set
1291 1169 1461 1250 lilarcioo,
1496 1171 1617 1236 misera
1638 1167 1755 1236 mulier
1775 1169 1944 1257 aliquanto
1968 1185 2046 1257 post
2069 1177 2112 1239 ad
2134 1194 2203 1242 ma·

188 1259 259 1327 'tulli
283 1273 359 1325 atur
380 1259 606 1323 necessarium
635 1277 713 1324 esse
736 1256 934 1342 coniugium
979 1256 1066 1330 Quid
1089 1274 1168 1319 con·
1218 1258 1316 1322 ritum
1338 1257 1449 1333 rediit,
1483 1254 1664 1341 deplorans
1697 1278 1795 1323 suum
1812 1262 1976 1336 erratum,
2006 1271 2038 1324 et
2070 1261 2204 1327 veniam

187 1357 239 1413 tra
285 1366 346 1411 aec
369 1344 435 1410 dici
457 1346 595 1431 potasti
637 1345 692 1408 An
714 1345 895 1409 obscurum
912 1352 975 1421 esi,
994 1339 1102 1427 qualis
1124 1343 1169 1405 sit
1217 1342 1355 1428 petivit·
1388 1341 1484 1409 llanc
1511 1340 1678 1408 mulierem
1705 1345 1752 1408 ait
1780 1342 1893 1409 multis
1914 1360 2034 1428 postea
2056 1346 2205 1411 monitri-

188 1445 308 1498 natura
339 1429 523 1509 hominum,
556 1443 680 1517 quanta
711 1428 903 1507 infirmitas,
940 1449 1039 1515 quam
1071 1428 1169 1512 pauci
1220 1450 1292 1495 cem
1315 1426 1438 1506 baisse,
1463 1447 1505 1494 nc
1526 1426 1805 1514 amplecterentur
1829 1429 2008 1496 Marcionis
2032 1432 2203 1516 dogmata,
2230 1468 2234 1475 ·

188 1518 328 1604 praediti
350 1518 417 1582 sint
439 1517 528 1582 dono
552 1513 796 1583 continentiae?
841 1513 948 1587 Quam
969 1512 1093 1595 multae
1123 1510 1169 1577 le·
1220 1536 1295 1578 cum
1313 1525 1476 1592 narraret,
1494 1510 1584 1580 alias
1602 1512 1723 1581 multas
1746 1513 1901 1582 mulieres
1923 1517 1956 1581 iu
1970 1537 2010 1582 eo
2033 1516 2214 1598 sodalitii),¹

191 1622 315 1694 grrntm
347 1613 381 1668 et
412 1601 591 1668 audiuntur
612 1598 768 1688 querelae
791 1601 970 1678 bonorum,
1004 1602 1059 1688 qui
1093 1620 1174 1665 cum
1220 1603 1281 1666 etsi
1304 1598 1504 1666 sirnrrlabaut
1527 1601 1775 1680 continentiam,
1797 1616 1907 1667 tamen
1929 1606 2121 1688 promiscue
2142 1606 2203 1670 ob·
2240 1629 2245 1643 ·

188 1690 301 1756 conati
328 1691 394 1754 sint
414 1708 498 1774 pure
519 1690 551 1752 in
576 1686 742 1754 coelibatu
764 1685 895 1766 vivere,
923 1699 1169 1767 tamensense·
1219 1688 1338 1753 noxias
1360 1707 1439 1752 esse
1460 1683 1587 1753 irbrdrm
1616 1684 1837 1754 fanaticorum
1866 1687 2063 1755 Doctorum.
2109 1689 2204 1755 llaec

188 1790 267 1842 ruat
292 1795 331 1841 se
356 1775 391 1839 id
419 1791 627 1860 nequaquam
649 1774 785 1859 assequi
814 1792 927 1857 posse.
971 1770 1179 1859 Repugmm.
1219 1771 1353 1841 luerunt
1386 1775 1477 1839 initia
1508 1770 1595 1859 legis
1628 1774 1670 1838 de
1704 1771 1878 1839 coelibatu.
1937 1775 2062 1841 Postea
2095 1775 2204 1841 secuti

191 1862 284 1928 enim·
298 1863 385 1928 duae
406 1879 464 1924 res
486 1863 662 1927 maximae:
686 1859 842 1938 Primum,
865 1859 939 1942 ipsa
959 1872 1100 1963 naturae
1122 1859 1170 1922 in·
1219 1871 1297 1925 sunt
1318 1865 1501 1947 lyxparnral.
1545 1861 1600 1925 Ab
1629 1858 1748 1926 horum
1778 1857 1931 1946 esernplo
1959 1859 2116 1927 illonachi
2139 1860 2205 1927 orti

190 1945 342 2026 clinatio,
365 1946 496 2025 deinde,
519 1945 692 2013 iniinnitas
716 1965 804 2033 quae
826 1945 983 2010 accessit.
1027 1945 1095 2012 Sed
1118 1964 1169 2009 re-
1219 1959 1312 2012 sunt=
1342 1945 1383 2012 Et
1410 1967 1452 2010 ne
1475 1946 1667 2013 viderentur
1688 1943 1862 2011 inferiores
1885 1946 2089 2035 Sacerdotes
2115 1947 2203 2026 istis,

189 2029 332 2099 clanmm
354 2032 554 2112 adversarii,
586 2043 620 2098 et
640 2033 767 2098 domari
791 2043 941 2096 naturam
963 2031 1075 2096 iubent
1101 2029 1169 2097 ine·
1220 2043 1403 2116 coeperunt
1424 2032 1458 2097 hi
1485 2052 1618 2118 quoque
1646 2045 1784 2118 partem
1800 2032 2048 2116 superstitionis
2071 2032 2202 2099 trattati.

189 2120 255 2198 dia,
276 2117 464 2203 laboribus,
487 2131 520 2184 et
542 2115 618 2183 aliis
636 2119 891 2197 vexationibus,
915 2127 952 2181 ut
974 2117 1169 2205 extinguan-
1219 2117 1257 2185 lu
1278 2117 1555 2204 SynodoNicena
1577 2118 1709 2204 quidam
1730 2116 1909 2184 voluerunt
1931 2120 2101 2184 decretum
2120 2116 2205 2199 lieri,

163 2219 244 2281 ,tur
276 2204 447 2271 libidinum
479 2205 643 2269 incendia.
710 2201 780 2268 Cur
811 2204 875 2287 ipsi
906 2223 974 2268 non
1014 2201 1170 2268 doioanti
1218 2215 1256 2269 ut
1276 2202 1310 2268 bi
1332 2206 1387 2288 qui
1409 2203 1577 2271 habebant
1598 2224 1732 2283 uxores,
1756 2203 1855 2269 electi
1877 2204 1920 2270 ad
1942 2224 2062 2290 munus
2085 2201 2204 2289 Eccle-

190 2289 287 2356 lilulti
310 2293 386 2356 boni
408 2288 564 2366 latentur,
587 2311 626 2356 se
647 2287 822 2356 inieliciter
838 2288 1059 2355 boc'conatos
1080 2307 1167 2354 esse.
1219 2291 1407 2368 siasticum,
1440 2303 1560 2374 postea
1586 2310 1609 2355 a
1630 2291 1870 2356 cousuetudine
1893 2307 2034 2357 uxorum
2055 2292 2205 2357 abstine·

190 2375 266 2441 Non
293 2377 378 2442 enim
407 2378 480 2441 sine
507 2377 602 2462 gravi
633 2396 737 2442 causa
763 2377 888 2441 dictum
916 2387 969 2440 est
999 2396 1021 2440 a
1045 2372 1167 2440 Paulo:
1221 2386 1305 2442 rent.
1360 2374 1558 2462 Quanquam
1587 2389 1696 2442 autern
1723 2388 1803 2442 tunc
1830 2378 2004 2462 repudiata
2036 2386 2090 2442 est
2118 2376 2206 2443 bace

189 2460 309 2528 Melius
332 2476 384 2529 est
405 2464 542 2541 nubere,
565 2483 664 2549 quam
684 2461 747 2528 uri.
790 2460 863 2524 Nisi
884 2461 972 2526 adsit
997 2459 1169 2548 singulare
1220 2459 1386 2547 impietas,
1416 2476 1527 2528 tameo
1549 2459 1720 2546 aliquanto
1742 2474 1821 2548 post
1847 2465 1932 2529 baec
1953 2464 2106 2550 tyrannis
2126 2480 2206 2549 per·

189 2549 312 2615 donum
338 2559 475 2614 naturae
497 2569 689 2633 corporum,
718 2546 847 2613 etiamsi
868 2548 977 2612 inedia
998 2559 1056 2612 aut
1076 2543 1169 2612 labo·
1221 2549 1308 2615 rasit
1336 2548 1370 2613 in
1399 2545 1573 2612 Ecclesiae
1596 2550 1630 2612 in
1653 2547 1857 2628 Occidente,
1883 2562 1919 2615 ut
1941 2560 2061 2634 postea
2082 2550 2205 2615 dicam.

189 2635 281 2699 ribus
304 2635 430 2699 duriter
451 2646 627 2713 vexentur,
649 2647 772 2712 tamen,
793 2644 830 2697 ut
851 2633 898 2697 ita
920 2634 1046 2711 dicam,
1069 2633 1168 2698 inter·
1220 2632 1314 2723 llaec
1335 2643 1429 2699 erant
1451 2633 1578 2697 semina
1608 2635 1792 2719 tyrannidis
1816 2634 2030 2713 Antium-isti,
2053 2636 2147 2700 cuius
2171 2642 2207 2701 ei

188 2720 266 2786 dum
289 2721 468 2786 exundant.
512 2719 607 2785 llaec
630 2717 753 2784 Pardus
786 2720 885 2783 docet
912 2719 1046 2783 vitanda
1078 2737 1168 2784 esse.
1220 2718 1307 2783 hanc
1340 2715 1453 2804 legem
1485 2719 1652 2803 propriam
1684 2717 1760 2784 sore
1791 2720 1955 2804 praedixit
1977 2717 2110 2799 Daniel,
2146 2720 2205 2825 qul

400 2833 406 2844 ·
475 2826 491 2853 t
1220 2803 1280 2869 ait:
1302 2800 1394 2868 ilium
1416 2806 1549 2889 impium
1572 2802 1700 2890 Regem
1720 2805 1960 2870 dominaturum
1983 2807 2017 2870 in
2035 2802 2205 2887 Ecclesia,

577 2914 627 3009 ο
747 2874 771 2923 ’
900 2974 903 2979 Ι
1219 2910 1283 2955 nec
1304 2887 1519 2969 Deum‚‘neu
1541 2888 1697 2956 mulieres
1720 2907 1934 2970 creaturum,
1954 2893 2015 2956 sed
2038 2887 2147 2957 l'oedls
2169 2901 2206 2958 at

776 2980 781 2989 “
854 2982 858 2989 “
1219 2977 1356 3043 incestis
1378 2973 1569 3069 lwidinibus
1592 2977 1889 3044 contamirtaturunr
1912 2974 2203 3047 esscEccleslaui.
2258 3042 2261 3047 .

296 3141 298 3145 y
412 3051 597 3135 Tertium
628 3049 942 3163 Argumentum
1146 3134 1149 3139 ,
1221 3059 1307 3135 Quid
1323 3063 1390 3130 hoc
1412 3060 1503 3147 aliud
1525 3075 1595 3143 est,
1623 3085 1722 3150 quam
1743 3063 1847 3151 digito
1869 3076 2060 3130 monstrare
2081 3063 2204 3131 lioraa·
2246 3088 2249 3093 ’

216 3228 219 3235 Ι
635 3152 638 3159 “
1058 3150 1066 3162 ”
1220 3168 1283 3212 nos
1305 3146 1511 3216 Pontib'cesi
1554 3148 1680 3217 llorum
1702 3163 1867 3216 tantorum
1896 3149 2097 3230 scelerum,
2114 3164 2204 3236 quae

215 3252 220 3277 ³
276 3231 435 3300 stabilire
457 3234 627 3300 doctrinas
649 3233 898 3298 daemoniorum
926 3242 981 3299 est
1005 3233 1170 3319 impietas·
1221 3234 1388 3321 significat
1408 3233 1535 3304 Paulus
1568 3250 1602 3303 et
1624 3235 1763 3316 Daniel,
1790 3237 1952 3303 societate
1974 3239 2204 3303 contaminan-

189 3319 374 3386 Prohibitio
391 3320 538 3406 coniugii
559 3320 778 3387 estdoctrina
793 3317 1056 3385 daemoniorum:
1079 3318 1170 3406 Ergo
1222 3334 1291 3402 tur,
1324 3324 1380 3408 qui
1401 3322 1583 3389 defendunt
1609 3320 1719 3409 legem
1742 3325 1784 3388 de
1811 3321 1996 3403 coelibatu,
2030 3319 2205 3389 stabiliunt

189 3405 340 3475 stabilire
367 3429 408 3472 ac
432 3404 611 3472 deienderc
633 3427 722 3486 eaor,
755 3415 807 3470 est
839 3405 1001 3489 impietas,
1045 3403 1170 3472 Paulus
1222 3408 1393 3473 doctrines
1420 3410 1686 3487 daemoniorum,
1718 3412 1908 3495 approbant
1938 3428 2078 3495 regnum
2107 3406 2203 3474 snut·

189 3495 275 3559 eninr
297 3496 329 3558 in
351 3495 463 3577 priore
484 3494 528 3557 ad
548 3491 755 3559 'limotbeum
776 3501 890 3575 aperte
910 3501 1011 3557 vocat
1026 3491 1172 3576 prohibi·
1222 3493 1348 3573 christi,
1372 3493 1568 3559 confirmant
1589 3491 1707 3560 foedas
1728 3493 1894 3573 libidines,
1915 3508 1950 3560 et
1971 3492 2093 3559 multas
2115 3491 2203 3558 aliae

188 3583 312 3645 cenem
335 3581 480 3646 coniuvii
502 3579 688 3644 doctrinam
711 3580 969 3644 daemoniorum.
1002 3578 1074 3643 lieo
1095 3576 1172 3645 love
1220 3592 1346 3664 pestes.
1391 3578 1470 3646 ldeo
1503 3581 1610 3664 pietas
1640 3592 1711 3660 est,
1745 3602 1813 3646 non
1835 3579 2032 3659 dciendere,
2052 3579 2203 3646 aoa··ad=
2304 3653 2308 3659 ,

189 3662 311 3733 malum
344 3631 510 3754 significat
542 3662 683 3744 Paulus,
716 3684 791 3730 cum
823 3667 971 3729 nominat
1000 3662 1171 3751 doctrinas
1221 3667 1375 3751 probare,
1392 3667 1454 3731 sed
1477 3686 1616 3751 prorsus
1646 3663 1739 3732 illam
1761 3668 1983 3752 perniciosam
2004 3665 2114 3752 legem
2137 3666 2198 3732 ab·

194 3751 454 3818 duenroniorum.
499 3751 571 3816 llae
602 3748 767 3816 fanaticae
799 3748 1040 3835 prohibitiones
1067 3749 1172 3817 muita
1221 3748 1324 3831 olere,
1347 3763 1381 3818 et
1401 3752 1542 3819 reddere
1564 3748 1724 3818 Ecclesiis
1746 3754 1835 3840 pium
1857 3773 1955 3820 usum
1982 3753 2127 3840 coniugii
2151 3751 2200 3819 dl·

190 3836 1171 3989 r

188 4010 334 4088 exitium,
356 4021 536 4095 propterea
557 4009 633 4095 quia
654 4029 723 4074 non
745 3968 837 4074 licuil
858 4010 905 4073 uti
923 4009 1091 4094 coniugio.
1128 4006 1172 4074 Et
1247 4013 1249 4017 ’

189 4094 291 4158 otium
324 4115 366 4160 ac
398 4115 481 4180 opes
509 4106 673 4162 auserunt
705 4093 836 4173 luxum,
870 4095 926 4182 qui
955 4093 1059 4161 multa
1090 4096 1171 4160 vitia

190 4177 434 4264 complectitur,
467 4180 692 4258 ambitionem,
724 4179 921 4269 ingluviem,
950 4192 984 4246 et
1005 4177 1170 4247 libidines.
1434 4166 1636 4272 Quartum
1667 4168 1982 4280 Argumentum,

188 4264 267 4331 lton
290 4269 428 4351 stupris,
450 4288 517 4335 non
540 4262 712 4333 adulteriis
725 4268 871 4333 contenti
888 4265 1176 4348 suntPoutifices,

189 4349 404 4432 cardinales,
447 4365 481 4419 et
512 4352 690 4432 blonaclri,
721 4352 783 4419 sed
813 4355 977 4420 accedunt
1002 4353 1172 4419 teterrima
1307 4349 1475 4416 Hactenus
1513 4353 1668 4418 recensui
1710 4352 1899 4417 testimonia
1931 4371 1974 4416 ex
2014 4353 2082 4418 scri
2107 4350 2206 4432 turis,

188 4435 327 4525 flagitia,
347 4450 485 4524 propter
506 4458 593 4526 quae
614 4436 710 4504 Deus
732 4458 835 4529 saepo
857 4450 945 4506 totas
967 4441 1071 4507 urbes
1092 4441 1171 4506 sub-
1220 4459 1310 4505 nunc
1342 4437 1493 4503 adiiciant
1526 4435 1678 4525 exempla
1706 4439 1833 4522 priraae
1864 4448 1898 4503 et
1919 4437 2064 4523 purioris
2084 4373 2206 4506 Eccle-

186 4521 234 4588 ito
256 4523 390 4604 delevit,
407 4537 444 4591 ut
459 4526 622 4605 Sodoma,
644 4522 800 4613 Sybarin,
822 4523 987 4606 Athenas,
1009 4530 1170 4613 Spartam,
1221 4525 1302 4589 siaa.
1313 4520 1402 4588 Nibii
1424 4524 1559 4591 dubium
1579 4536 1644 4603 est,
1666 4521 1905 4609 Apostolorum
1922 4534 2117 4610 temporeet
2134 4522 2205 4591 diu·

47 4654 51 4659 -
186 4607 339 4692 Tbebas,
373 4611 530 4691 Romam,
569 4621 613 4677 et·
628 4608 713 4677 alias
747 4608 879 4677 multas.
929 4611 1028 4678 Nunc
1060 4604 1170 4698 probi·
1220 4621 1311 4695 post,
1327 4611 1359 4676 in
1383 4608 1515 4678 Graeca
1534 4621 1570 4677 et
1591 4609 1711 4675 Latina
1732 4608 1887 4675 Ecclesia
1909 4606 2017 4676 luisse
2039 4607 2205 4678 Sacerdo-

187 4696 270 4762 bitia
290 4698 435 4786 coniugii
457 4714 525 4763 non
546 4707 673 4763 tantum
698 4695 785 4765 baec
813 4697 894 4764 vitia
914 4699 1020 4782 parit,
1046 4695 1171 4778 luxurn,
1219 4709 1272 4762 tes
1296 4697 1447 4763 inautus.
1489 4698 1589 4782 Apud
1611 4694 1790 4762 Eusebium
1813 4694 1870 4762 lib.
1889 4695 1919 4761 d.
1943 4690 2227 4765 Ecclesiasticus·

186 4777 343 4850 libidines
356 4784 466 4852 omnis
488 4782 635 4872 generis,
657 4785 718 4851 sed
736 4783 835 4850 etiam
852 4781 1170 4870 crudelissimapur·
1218 4782 1379 4849 historiae
1412 4783 1449 4849 fit
1488 4785 1612 4849 mentio
1645 4779 1833 4869 Polycratis
1865 4781 2024 4868 Eiscopi
2056 4780 2206 4867 Ephesii,

187 4870 318 4934 ficlilia·
353 4871 438 4938 Nam
454 4883 594 4959 propter
609 4867 698 4937 banc
718 4866 829 4957 legem
851 4870 896 4956 pii
917 4868 1169 4951 interficiuntur,
1220 4869 1276 4956 qui
1310 4870 1356 4937 ait
1383 4889 1423 4935 se
1455 4882 1564 4936 ortum
1595 4871 1639 4935 ab
1662 4868 1858 4954 Episcopis,
1889 4805 1977 4963 laec
2005 4868 2206 4935 eoim¹suat

188 4954 246 5041 qui
267 4955 393 5023 ducum
413 4966 550 5025 uxores.
592 4953 701 5022 'lanta
720 4974 824 5044 seges
844 4953 1008 5035 malorum
1029 4978 1105 5023 cum
1128 4975 1170 5022 ex
1220 4956 1433 5045 verbaased
1450 4969 1485 5022 et
1507 4977 1572 5044 ego
1589 4957 1734 5022 uranium
1753 4959 1905 5023 uestrum
1926 4955 2080 5023 minimus
2103 4948 2227 5044 Poly·

186 5057 255 5106 aaa
286 5037 366 5128 lega
394 5045 547 5126 oriatur,
566 5042 651 5109 satia
676 5053 817 5129 apparet
844 5038 984 5110 Paulum
1011 5062 1079 5109 non
1101 5042 1170 5109 exi·
1220 5053 1352 5124 crates,
1372 5042 1596 5109 traditionem
1638 5054 1813 5130 parerrtom
1853 5062 2002 5108 meorum
2044 5042 2205 5120 observo,

94 5157 96 5161 ·
189 5144 291 5213 want
312 5146 383 5193 rom
399 5129 622 5217 Qmiicaasa,
643 5146 720 5196 curu
741 5130 888 5198 numium
904 5128 1075 5197 docubraa
1091 5130 1170 5196 dae·
1218 5138 1347 5215 septem
1379 5148 1524 5216 numum
1553 5149 1599 5195 ex
1618 5129 1813 5215 parentibus
1841 5129 1925 5195 meis
1958 5146 2021 5213 per
2052 5127 2205 5195 orum

1630 5266 1633 5270 .
1982 5244 1999 5277 ο
2194 5236 2199 5249 ·
