4628 5588
170 169 241 237 m
582 142 587 147 ’
638 229 642 239 ,
804 133 918 236 cnm.
936 130 1046 234 lilii..
1067 161 1257 233 semera
1277 162 1558 234 boemanos.
1609 202 1612 209 ν
1792 120 1798 131 o
1853 106 1858 113 ·
1908 184 1912 191 '
2037 252 2045 269 .
2124 173 2189 241 1⁷2

2158 282 2190 325 Ο

240 357 326 424 lline
348 353 446 423 facile
468 358 606 423 iudicari
627 367 751 443 potest,
772 352 965 441 multiplicia
982 351 1159 421 esaefurta
1209 366 1334 434 autern,
1353 375 1452 442 quam
1473 351 1541 421 late
1562 366 1674 441 pateat
1693 355 1761 423 hoc
1780 369 2013 443 praeceptum,
2036 360 2124 447 re'git
2140 362 2188 429 iu-

175 445 209 509 in
230 446 297 510 hoe
319 464 456 530 genere,
478 445 555 530 quia
577 465 706 523 omnes,
729 445 784 529 qni
806 440 960 517 fruuntur
982 442 1157 519 hisbonis,
1210 443 1307 513 dicia,
1327 453 1440 527 pacta,
1461 453 1668 521 contractus,
1692 455 1726 507 et
1744 441 1975 528 complectitur
1988 460 2118 531 partem
2139 450 2189 515 iu·
2238 478 2241 482 ’

175 529 333 616 neglecto
356 531 536 594 ministerio
558 527 750 615 Evangelii,
785 539 818 593 et
839 527 1003 615 neglectis
1027 530 1156 606 studiis,
1209 529 1319 592 stitiae
1339 524 1566 613 particularis,
1600 524 1745 609 scilicet,
1766 551 1853 616 quae
1874 543 1983 610 vetat,
2006 552 2050 596 ne
2070 530 2202 600 fraude.

104 647 112 657 ·
175 628 328 700 peccant.
379 616 442 680 ttte
474 629 526 680 est
558 617 677 701 ingens
710 635 867 679 numerus
901 615 1157 699 Episcoporum,
1208 624 1242 678 et
1263 635 1323 698 per
1346 610 1541 679 calumniam
1564 610 1619 678 aiii
1641 612 1827 680 laedantur.
1861 616 1946 681 Sunt
1968 618 2056 683 euim
2079 618 2188 705 dupli·

81 765 86 779 ,
175 701 421 767 Carionicorum
457 713 489 764 et
510 700 771 779 ttonaehorum,
803 703 858 786 qni
892 723 959 765 non
982 713 1060 765 snrrt
1081 699 1156 776 usui
1209 719 1267 764 ces
1290 700 1437 764 iniuriae.
1456 697 1566 769 ‚Aliae
1587 698 1669 764 hunt
1690 703 1735 779 vi,
1758 699 1842 766 aliae
1863 705 1937 767 siue
1956 702 2188 784 vimanifesta,

175 784 359 865 Ecclesiae,
394 788 449 871 qui
483 788 644 857 devorant
675 784 850 852 facultates
882 783 1157 858 Ecclesiasticus,
1207 786 1269 849 sed
1291 783 1370 850 dolo
1394 797 1426 848 et
1448 786 1567 852 fraude
1590 785 1680 850 hunt.
1727 785 1893 853 violentia
1951 787 2122 855 cohibetur
2151 793 2188 856 in

175 893 250 937 cnm
268 874 392 937 interea
415 873 562 937 esuriant
583 884 754 957 pastores,
777 884 835 937 aut
856 870 938 937 nulli
960 872 1156 950 habeantur,
1207 872 1321 956 quinto
1344 884 1377 934 et
1399 875 1540 967 sentinae
1561 886 1753 955 praecepto.
1787 873 1849 938 liic
1869 811 2087 959 prohibentur
2097 896 2188 941 uren·

76 1022 79 1027 .
174 969 208 1024 et
229 980 271 1022 ne
296 958 440 1043 ligantur
462 960 580 1023 studia.
1207 956 1314 1034 dacia,
1335 957 1547 1039 imposturae,
1570 956 1763 1022 calumniae.
1807 958 1857 1024 lta
1880 980 2001 1044 sparsa
2022 974 2074 1025 est
2096 963 2188 1027 insti·

131 1112 141 1137 1
235 1120 238 1125 ¹
293 1047 367 1109 nius
397 1046 443 1107 rei
477 1045 588 1129 imago
621 1045 654 1107 in
676 1044 817 1108 historia
838 1043 1007 1126 passionis
1030 1040 1154 1107 Christi
1207 1044 1252 1105 tia
1279 1040 1488 1126 particularis
1521 1044 1554 1106 in
1588 1041 1672 1107 haec
1704 1057 1895 1129 praecepta.
1947 1047 2031 1110 Nam
2062 1047 2187 1114 iustitia

172 1134 346 1215 proposita
378 1142 441 1194 est.
488 1128 581 1193 Sicut
613 1131 700 1194 enim
721 1128 841 1193 milites
863 1130 1013 1194 dividunt
1041 1140 1153 1192 vestes
1229 1124 1414 1191 articularis
1458 1126 1611 1211 prohibet
1654 1130 1789 1194 iniurias
1824 1133 1997 1216 utriusque
2040 1135 2187 1217 generis.

173 1213 309 1291 Christi,
327 1228 360 1279 et
382 1217 424 1278 de
447 1217 496 1280 eis
519 1217 711 1293 sortiuntur,
734 1217 778 1279 ita
800 1217 967 1298 plincipes
990 1226 1023 1279 et
1040 1225 1153 1297 poten·
1205 1149 1311 1277 lor-ro
1344 1212 1429 1277 baec
1462 1215 1580 1292 virtus,
1603 1235 1689 1300 quae
1717 1227 1808 1290 vetat
1842 1218 2017 1282 mendacia
2039 1230 2073 1281 et
2095 1216 2187 1285 cala·

172 1314 224 1367 tes
256 1304 444 1385 partiuntur
476 1303 562 1365 inter
594 1321 633 1365 se
655 1321 673 1364 e
697 1303 870 1384 iscopatus
899 1312 930 1365 et
952 1300 1154 1376 sacerdotia,
1205 1299 1325 1377 mnias,
1346 1309 1486 1364 vocatur
1509 1298 1652 1364 Veritas.
1696 1299 1742 1365 Ut
1762 1312 1871 1365 autem
1893 1304 2069 1387 superiora
2091 1325 2187 1388 prae·

170 1385 327 1475 neglecto
351 1388 530 1451 ministerio
553 1398 587 1452 et
609 1323 772 1472 neglectis
794 1388 923 1450 studiis.
962 1385 1154 1450 Donatista·
1205 1396 1302 1467 cepta
1324 1382 1408 1449 alias
1430 1397 1543 1469 partes
1567 1382 1781 1468 Reipublicae
1814 1380 2019 1466 hinnierunt,
2052 1389 2097 1454 ita
2119 1391 2187 1454 hoe
2276 1386 2281 1393 ’

171 1494 243 1538 rum
253 1471 417 1537 Ecclesiis
439 1471 562 1557 publici
581 1475 795 1560 magistratus
807 1469 1003 1536 auferebant
1014 1468 1153 1536 faculta·
1204 1482 1420 1554 pracceptum
1442 1473 1544 1534 munit
1566 1472 1697 1549 indicia,
1720 1483 1818 1554 pacta
1841 1485 1873 1537 et
1897 1485 2100 1539 contractus.
2124 1475 2186 1539 Fa·

55 1584 60 1591 ·
171 1571 239 1638 tes,
262 1572 295 1624 et
317 1556 563 1624 transferebant
583 1561 626 1623 ad
649 1561 720 1643 pias
741 1556 935 1635 Ecclesius,
964 1577 1031 1643 qna
1052 1557 1094 1620 de
1116 1575 1154 1619 rc
1206 1552 1269 1619 eile
1302 1566 1412 1619 antem
1440 1569 1583 1640 possunt
1610 1558 1751 1643 agnosci
1772 1570 1911 1644 peecata
1934 1560 2103 1623 crassiora
2126 1583 2186 1644 pu·
2283 1631 2289 1641 ‚

172 1647 234 1709 etsi
247 1647 538 1731 conquerebantur
553 1644 760 1716 Donatistae,
784 1656 817 1709 et
827 1645 1053 1728 disputabant,
1076 1660 1153 1725 pro·
1205 1641 1341 1727 gnantia
1375 1662 1447 1706 eum
1481 1642 1546 1706 boc
1579 1656 1770 1791 praecepto.
1816 1644 1859 1708 Ut
1883 1647 1969 1708 enim
1986 1642 2041 1710 hic
2065 1645 2186 1710 contir-

194 1745 245 1795 ter
268 1732 510 1795 dissensionem
531 1733 721 1814 dogmatum
734 1731 853 1795 nemini
878 1730 1064 1813 eripiendas
1076 1747 1154 1790 esse
1204 1738 1335 1790 ritarttnr
1357 1728 1489 1805 iudicia,
1512 1739 1544 1791 et
1567 1730 1674 1793 omnia
1712 1731 1845 1793 orensia
1866 1729 1997 1807 cilicia,¹
2015 1733 2044 1795 si
2067 1733 2129 1795 rite
2152 1744 2186 1796 et

169 1752 362 1893 laenitatem
380 1828 489 1880 tamen
503 1817 711 1880 huvustinus
725 1813 1153 1901 respondit,hancpecuni·
1204 1814 1294 1876 hona
1315 1814 1519 1878 conscientia
1541 1812 1633 1892 fiant,
1662 1816 1749 1879 sicut
1770 1829 1803 1879 et
1824 1817 2043 1881 iuramentum
2065 1817 2108 1881 de
2131 1837 2186 1881 ca·
2234 1864 2238 1875 .

169 1923 222 1967 am
246 1923 323 1967 esse
334 1899 521 1980 Ecclesiae,
543 1868 687 1986 irleoque
699 1914 791 1966 recte
808 1922 867 1985 per
878 1902 1068 1984 superiores
1081 1896 1153 1962 lila-
1203 1897 1326 1962 lunmia
1347 1901 1519 1983 praecipit,
1543 1901 1588 1963 ita
1607 1913 1744 1964 econtra
1767 1901 1961 1966 damnantur
1985 1922 2102 1966 omnes
2124 1900 2185 1967 tat-

167 1988 330 2074 'gistratus
353 1990 435 2072 eripi
457 1986 529 2065 his,
545 1989 600 2073 qni
622 2010 687 2051 non
734 1989 877 2052 ertinent
899 1989 941 2050 ad
954 1982 1152 2061 Ecclesiam,
1203 2004 1262 2048 sae
1285 1995 1319 2048 et
1341 1982 1567 2049 calumniosae
1589 1988 1821 2050 accusationes
1851 2000 1886 2050 et
1915 1982 2128 2052 defensiones
2152 1998 2191 2064 et,

170 2086 203 2138 et
226 2075 399 2138 transferri
422 2075 463 2137 atl
487 2094 588 2137 veros
611 2094 691 2135 nsus
710 2010 898 2136 Ecclesiae.
950 2070 1152 2134 Discernen·
1203 2072 1391 2134 sententiae
1421 2071 1452 2134 in
1481 2072 1619 2136 iudiciis.
1665 2071 1817 2156 Denique
1839 2082 1909 2137 tota
1931 2071 2113 2155 sophistica
2134 2072 2185 2137 fo·

171 2160 234 2224 dae
266 2161 362 2223 etiam
397 2170 475 2222 sunt
501 2160 533 2221 in
557 2156 623 2222 hoc
646 2177 727 2222 casn
749 2161 898 2240 privatae
920 2153 1096 2220 facultates
1120 2166 1153 2219 et
1203 2157 1330 2233 nensis,
1364 2158 1440 2219 item
1463 2154 1550 2220 falsa
1570 2158 1762 2221 testimonia
1785 2169 1818 2222 et
1840 2158 1998 2237 consilia,
2030 2160 2109 2224 item
2128 2160 2186 2223 de·

170 2244 306 2308 alienae.
335 2230 533 2309 xl’eccanti
562 2245 627 2307 itur
648 2243 845 2327 gravissime
868 2253 901 2305 et
922 2239 994 2317 alii,
1028 2244 1083 2324 qui
1105 2241 1152 2305 ita
1202 2244 1352 2324 praratio
1375 2242 1492 2306 artium
1517 2255 1577 2306 etc.
1603 2251 1716 2307 rectae
1739 2245 1922 2323 doctritme,
1946 2247 2024 2308 item
2047 2241 2184 2309 violatio

170 2331 325 2413 diripiunt
346 2327 523 2394 facultates
535 2266 805 2406 Ecclesiasticus,
831 2328 973 2412 nequid
996 2328 1072 2391 inde
1095 2327 1152 2390 de·
1201 2338 1373 2431 pactorum
1397 2338 1429 2391 et
1451 2329 1690 2411 promissorum
1713 2330 1745 2392 in
1764 2332 2001 2394 contractibus.
2031 2328 2188 2416 Denique
2210 2379 2214 2385 .

170 2416 299 2479 cidatur
320 2418 363 2478 ad
385 2435 468 2480 usus
491 2412 674 2479 Ecclesiae.
719 2415 869 2479 Peccant
884 2426 917 2477 et
928 2411 1151 2496 Respublicae
1200 2414 1359 2476 insidiosa
1383 2413 1548 2478 simulatio
1570 2426 1628 2478 aut
1651 2411 1828 2479 occultatio
1849 2417 2041 2480 iunioribus
2058 2418 2182 2494 etrite,

169 2521 256 2587 quae
288 2500 369 2565 niiril
403 2498 579 2566 conferunt
601 2502 648 2599 ιι*
667 2501 955 2565 conservationem
980 2500 1151 2563 ministerii
1201 2499 1277 2583 quia
1300 2501 1423 2563 veritas
1447 2521 1512 2564 uon
1536 2502 1635 2563 modo
1658 2502 1690 2563 in
1715 2502 2034 2584 pactis,p1umissis
2057 2503 2183 2566 autiu-

169 2600 203 2651 et
226 2588 421 2652 studiorum.
466 2587 559 2651 llaec
587 2584 676 2651 furta
697 2609 765 2652 trun
789 2596 866 2650 sunt
888 2584 977 2648 levia
997 2595 1150 2668 peccata,
1173 2562 1178 2667 l
1201 2585 1297 2649 diciis
1319 2587 1516 2670 requiritur,
1540 2586 1600 2649 setl
1623 2588 1720 2649 etiam
1742 2587 1774 2648 in
1809 2599 1879 2651 tota
1908 2588 1992 2662 vita,
2023 2584 2181 2652 videlieet

169 2674 257 2737 sieut
279 2684 442 2736 testantur
463 2673 682 2758 gravissimae
705 2673 886 2737 conciones
909 2672 941 2733 in
960 2669 1150 2757 Prophetis,
1201 2672 1340 2745 candor,
1362 2669 1568 2756 simplicitas,
1590 2672 1624 2735 id
1648 2684 1709 2749 est,
1732 2674 1894 2737 rectitudo
1906 2692 1966 2736 seu
1982 2673 2183 2759 ingenuitas,

167 2760 225 2823 ubi
248 2757 344 2824 Dens
367 2759 579 2824 severissime
601 2759 743 2823 minatur
765 2756 844 2836 illis,
867 2758 922 2842 qui
947 2777 1012 2820 non
1034 2757 1148 2821 iuvant
1201 2777 1287 2840 quae
1308 2754 1401 2834 facit,
1425 2776 1467 2819 ne
1489 2770 1612 2821 temere
1635 2759 1676 2820 de
1698 2755 1774 2821 aliis
1786 2760 2005 2842 suspicemur,
2017 2769 2054 2823 ut
2065 2761 2184 2825 dextre

167 2845 339 2909 mirristros
363 2843 493 2929 templi,
526 2845 581 2908 nbi
605 2846 727 2908 debent
748 2845 881 2921 iuvare,
914 2853 971 2907 ant
993 2840 1149 2907 conferre
1200 2841 2184 2931 interpretemuraliorumdictaautfact‘a,nesinistrainter·

168 2930 211 2995 ad
234 2952 293 2995 cos
317 2933 491 2996 iuvandos.
537 2930 688 3015 Haggaei
715 2933 839 3013 primo:
883 2928 1069 2994 Aedificate
1091 2931 1149 2993 do·
1200 2928 1383 3011 pretatione
1395 2931 1613 3011 depravemus
1627 2926 1843 3012 probabiliter
1857 2931 1945 2993 dicta
1958 2943 2014 2994 ant
2026 2928 2127 3008 facta,
2140 2952 2183 2997 ne

167 3037 392 3094 mammeam,
416 3033 448 3081 et
470 3014 645 3100 placebitis
668 3015 756 3078 mihi.
802 3012 899 3092 ltern,
924 3013 1053 3077 Domus
1075 3034 1150 3078 mea
1200 3014 1361 3077 insidiosa
1384 3012 1605 3078 occultatione
1628 3028 1799 3096 captemus
1822 3016 1956 3099 aliquod
1972 3022 2182 3098 πλεονέκτημα,

168 3104 302 3167 deserta
336 3114 397 3177 est,
431 3115 464 3166 et
496 3100 632 3165 festinat
665 3101 893 3184 unusquisqne
914 3109 952 3162 ut
974 3121 1069 3163 suam
1092 3101 1149 3163 do·
1199 3119 1242 3161 ne
1259 3101 1302 3163 sit
1324 3101 1357 3161 in
1374 3101 1515 3163 amicitia
1529 3097 1708 3178 simulatio,
1733 3101 1792 3164 sed
1805 3100 1916 3165 luceat
1928 3103 1960 3165 iu
1979 3103 2075 3167 dictis
2089 3099 2182 3167 etfa-

167 3210 254 3253 mum
279 3200 419 3252 extruat.
444 3187 521 3250 ldeo
544 3185 710 3270 prohibui,
734 3206 775 3249 ue
799 3183 928 3249 coelum
950 3185 1006 3247 det
1028 3204 1148 3262 rorem,
1200 3186 1281 3263 ctis,
1316 3195 1349 3247 et
1372 3186 1459 3248 orrrni
1482 3187 1723 3271 consuetudine
1746 3188 1908 3251 rectitudo
1931 3189 2113 3272 quaedam,
2149 3200 2182 3253 et

165 3285 201 3337 et
224 3293 266 3337 ne
290 3285 381 3337 terra
394 3275 446 3337 ‘sit
468 3270 644 3336 foecunda.
690 3271 732 3349 Et
754 3269 942 3335 Malachiae
964 3272 1076 3334 tertio:
1099 3275 1146 3336 ln·
1199 3282 1359 3352 appareat
1389 3290 1452 3333 tros
1486 3270 1574 3334 serio
1609 3284 1641 3335 et
1672 3275 1760 3336 bono
1794 3275 1905 3337 stud'o
1933 3293 2035 3357 agere
2057 3273 2180 3351 tritinia,

162 3355 252 3424 ferte
285 3378 414 3421 omnem
447 3360 606 3421 decimam
640 3358 672 3420 in
693 3354 849 3420 horreum
874 3377 992 3432 meum,
1017 3367 1049 3419 ct
1070 3376 1147 3438 ape·
1200 3376 1285 3440 quae
1308 3358 1525 3433 ostendimus
1549 3370 1581 3420 et
1604 3378 1685 3441 prae
1707 3359 1804 3422 nobis
1828 3356 1973 3421 ferimus.
2019 3357 2110 3423 Talis
2133 3360 2182 3422 iu·

165 3447 249 3511 rium
270 3445 368 3508 vobis
392 3455 580 3508 cataractas
604 3441 700 3519 coeli,
723 3440 932 3507 eteffcntlam
946 3441 1148 3505 henedictio—
1200 3441 1352 3527 genuitas
1374 3444 1563 3507 attribuitur
1584 3440 1707 3507 Achilli
1729 3445 1815 3528 apud
1829 3444 2019 3521 Homerum,
2043 3446 2098 3529 qni
2123 3447 2180 3521 ait,

166 3552 252 3611 netu,
282 3531 314 3593 id
345 3543 409 3608 est,
442 3531 657 3606 incrementa,
690 3540 880 3613 augrnerrta,
915 3527 1058 3592 abunde.
1104 3525 1146 3589 Et
1199 3548 1237 3591 se
1259 3526 1384 3606 odisse,
1407 3539 1442 3592 nt
1464 3540 1619 3606 mortem,
1643 3548 1719 3606 eos,
1749 3531 1804 3613 qni
1826 3527 1914 3594 alind
1937 3532 2067 3608 dicunt,
2090 3528 2180 3596 alind

166 3616 425 3683 proverbiorum
459 3616 575 3678 tertio:
599 3614 737 3679 llonora
759 3613 868 3676 Derim
902 3613 943 3676 de
977 3624 1033 3677 tna
1066 3615 1146 3677 snb·
1199 3613 1353 3677 sentiunt.
1397 3614 1471 3677 Etsi
1494 3626 1602 3679 autem
1625 3615 1764 3678 maxime
1788 3617 1883 3680 decet
1905 3616 2061 3680 heroicos
2084 3618 2179 3681 viros

140 3704 299 3780 'stantia,
322 3714 355 3768 et
378 3704 418 3766 de
440 3701 591 3787 primitiis
614 3702 756 3764 oninium
780 3696 910 3785 frugem
934 3710 1080 3776 tuarum,
1114 3709 1147 3763 et
1197 3696 1282 3763 haec
1305 3701 1503 3785 ingenuitas,
1536 3710 1644 3763 tamen
1679 3702 1857 3785 requiritur
1878 3703 1910 3766 in
1934 3703 2104 3777 omnibns,
2139 3723 2179 3767 ac

163 3785 389 3871 implebuntur
411 3786 532 3852 horrea
556 3799 612 3852 tna
635 3787 820 3863 saturitate,
842 3797 876 3849 et
899 3785 976 3848 rino
1000 3782 1146 3849 torcula·
1197 3787 1339 3850 maxime
1371 3788 1402 3848 in
1437 3783 1659 3868 explicatione
1686 3788 1929 3867 doctrinarum,
1953 3789 2017 3852 Seri
2039 3808 2179 3871 praeee-

13 3876 16 3883 '
46 3916 52 3929 ·
164 3875 215 3938 ria
238 3875 476 3938 redundabunt.
524 3872 558 3935 ln
587 3872 639 3935 his
663 3873 819 3954 operibns
843 3867 912 3935 vult
934 3868 1030 3935 Deus
1054 3890 1146 3933 exer·
1195 3885 1287 3956 ptum
1308 3870 1374 3934 Dei
1406 3892 1473 3935 non
1504 3871 1602 3935 modo
1625 3875 1778 3936 virtutem
1800 3874 1906 3957 ipsam
1928 3875 2081 3959 requirit,
2116 3877 2179 3940 scd

166 3960 234 4025 ceri
269 3958 385 4038 fidem,
418 3979 504 4044 quae
527 3959 555 4019 si
578 3959 731 4034 adesset,
763 3951 1149 4021 liberaliore's'essemns
1198 3958 1297 4020 etiam
1320 3955 1501 4041 apostulat,
1524 3970 1560 4021 ut
1583 3954 1744 4021 referatur
1766 3960 1808 4023 ad
1831 3956 1972 4044 gloriam
1995 3958 2076 4037 Dei,
2111 3959 2179 4025 hoc
2223 3992 2236 4007 =

164 4046 196 4110 in
220 4044 287 4110 hoc
309 4065 434 4127 genere
457 4041 651 4107 ciliciorum.
686 4044 721 4107 Si
745 4044 832 4106 enim
855 4062 934 4106 rere
956 4063 996 4106 ex
1021 4056 1146 4106 ectare·
1169 4015 1174 4071 ¹
1197 4053 1267 4119 est,
1301 4054 1336 4107 ut
1368 4062 1516 4108 amemus
1539 4057 1572 4107 et
1594 4056 1802 4127 praestemus
1824 4046 2013 4123 veritatem,
2042 4057 2078 4109 ut
2100 4044 2178 4111 Deo

164 4153 238 4217 urus
261 4126 378 4197 a'Deo
400 4126 594 4194 facultatum
613 4129 914 4206 conservationem,
935 4064 1087 4217 prolecto
1109 4125 1146 4190 li·
1168 4076 1173 4179 l
1198 4128 1398 4194 obediamus.
1444 4128 1505 4194 Est
1527 4141 1560 4192 et
1578 4126 1718 4214 vulgare
1739 4132 1852 4195 vitium
1871 4129 2111 4210 maledicentia,
2129 4135 2178 4197 vi·

163 4220 295 4285 bentius
317 4215 525 4303 largiremur.
576 4214 580 4222 “
1197 4211 1316 4278 delicet
1338 4212 1489 4293 illorum,
1511 4219 1565 4300 qui
1586 4214 1730 4278 libenter
1752 4229 1868 4281 serunt
1889 4218 1931 4281 de
1953 4215 2028 4281 aliis
2051 4237 2177 4283 senno·

1196 4319 1269 4378 nee,
1292 4301 1411 4385 quihus
1434 4320 1548 4364 eornm
1571 4298 1657 4364 fama
1680 4299 1834 4380 laeditur,
1856 4316 1912 4366 ant
1935 4305 1989 4388 qni
2007 4300 2176 4368 delectari·
2249 4330 2259 4349 =

861 4459 873 4487 ὃ
1117 4429 1120 4435 ,
1197 4398 1249 4450 tur
1272 4387 1456 4490 acerbitate
1478 4397 1535 4451 aut
1556 4383 1758 4492 scprrilitate
1781 4389 2095 4493 conviciorum,ant
2117 4389 2176 4473 qui

285 4498 361 4598 DE
403 4510 643 4599 octtvo
674 4506 1036 4594 PRAEOEPTO:
1196 4469 2175 4626 tiittitt'ii'ttttt'itttthittt'tttttt'tt
2246 4490 2251 4499 ’

216 4667 327 4771 Quid
356 4668 551 4780 praecipit
580 4679 772 4751 octavum
802 4664 1092 4776 praeceptum?

1195 4748 1256 4793 nes
1279 4729 1352 4792 sine
1373 4726 1443 4792 ulla
1465 4748 1566 4794 causa
1590 4727 1773 4808 delectant,
1788 4739 1914 4793 tautum
1933 4743 2174 4815 proptereatu·

1195 4655 1331 4708 naturae
1364 4644 1508 4707 varritate
1531 4647 1642 4709 oritur.
1688 4643 1858 4717 Quosdam
1881 4647 1967 4708 enim
1989 4646 2022 4709 hi
2046 4665 2175 4711 sermo·
2270 4708 2290 4739 Ι

1194 4834 1252 4878 rae
1274 4815 1463 4878 vanitatem.
1507 4813 1601 4880 Alias
1630 4836 1671 4878 ex
1695 4815 1872 4878 ambitione
1894 4826 1927 4877 et
1949 4816 2089 4895 invidia,
2122 4817 2174 4881 ln·
2274 4848 2280 4863 ·

251 4899 363 4980 iubet,
398 4912 434 4965 ut
465 4912 603 4989 propter
622 4900 731 4966 Deum
752 4908 943 4985 praestetur
963 4894 1087 4963 veritas
1108 4897 1142 4962 in
1194 4900 1322 4963 terdum
1356 4901 1487 4984 speeies
1521 4912 1575 4966 est
1600 4898 1801 4965 adulationis
1823 4897 2021 4967 maierl'eere
2043 4900 2117 4966 aliis
2140 4903 2172 4966 in
2262 4964 2272 4973 ,

165 4987 253 5051 omni
277 4987 355 5065 rita,
379 4988 476 5051 dictis
498 5000 531 5053 et
551 4985 661 5067 factis,
682 5006 724 5050 ae
746 4985 935 5051 nonrinatim
956 4984 1141 5060 inindieiis‚
1194 4980 1379 5070 aliquorum
1413 4987 1566 5073 gratiam.
1610 4985 1696 5052 Sunt
1717 4988 1802 5051 enim
1824 4989 1987 5072 quaedam
2010 4980 2187 5055 distortae'

163 5072 198 5137 in
222 5075 448 5138 contractibus
470 5089 504 5138 et
524 5074 649 5157 pactis,
666 5072 808 5168 requirit
821 5073 1011 5138 'rerimoem
1057 5068 1142 5136 Vide
1193 5083 1337 5195 naturaq
1353 5073 1439 5137 adeo
1461 5068 1645 5139 virulentae
1667 5083 1701 5138 et
1720 5070 1841 5158 plenae
1860 5069 2022 5154 livorum,
2055 5086 2089 5140 et
2115 5094 2172 5142 su·
