4628 5588
166 171 285 276 ιιι

236 394 426 546 dQuhtnm,
448 391 538 478 mind
560 410 628 456 non
650 393 694 455 sit
715 384 872 477 niligenas
889 388 934 452 ad
952 405 1074 453 causas
1095 404 1150 451 se·

170 503 234 550 ann
259 499 311 546 aa.

537 720 603 834 'nn
626 766 776 835 nmmo.

257 959 356 1035 Quod
380 959 505 1024 creatio
527 959 572 1023 sit
593 977 679 1042 opus
702 974 874 1024 commune
890 955 1017 1021 eetemi
1029 952 1151 1031 Patris,

169 1045 254 1128 Filii,
275 1057 309 1111 et
325 1045 469 1131 Spiritus
491 1045 612 1123 sancti,
635 1041 780 1109 Genesis
801 1043 906 1128 primo
928 1039 1151 1127 significatum

169 1145 241 1214 est,
264 1153 342 1199 cum
363 1132 498 1200 dicitur:
524 1129 702 1195 Faciamus
723 1127 888 1195 hominem
911 1128 955 1192 ad
975 1127 1152 1212 imaginem

169 1231 202 1288 et
229 1215 473 1286 similitudinem
493 1227 654 1282 nostram.
699 1214 741 1281 Et
768 1216 810 1280 de
836 1212 921 1279 Filio
948 1211 1053 1279 multa
1074 1222 1153 1277 sunt

168 1309 204 1373 in
226 1304 574 1453 ¹⁰h⁸¹1¹¹01>0rffi⁰1¹⁸
595 1313 630 1367 et
650 1301 745 1368 limna
766 1300 967 1380 testimonia,
987 1319 1074 1386 quae
1096 1317 1153 1363 su·

168 1413 231 1478 pra
250 1392 417 1457 recensui.
482 1390 514 1457 ic
536 1388 617 1453 satis
640 1399 695 1454 est
715 1387 857 1453 recitare
878 1387 1015 1464 dietum,
1033 1383 1153 1449 Omnia

169 1497 376 1649 illinitis
397 1476 614 1625 illisit?
627 1469 1153 1644 strennuitatis}

170 1651 305 1717 dubium
327 1657 389 1713 eet.

255 1783 309 1851 De
338 1784 462 1868 Spiritu
495 1795 614 1849 sancto
646 1783 770 1848 Genea.
802 1781 834 1846 1.
861 1779 1075 1846 dictumest:
1107 1778 1152 1844 Et

171 1873 314 1958 Spiritus
337 1870 470 1936 Domini
492 1866 662 1934 ferebatur
683 1886 785 1953 super
806 1883 924 1951 aquas.
967 1864 1009 1931 Et
1026 1863 1150 1932 Penius

168 1960 203 2023 i.
225 1954 375 2023 Corinth.
400 1956 451 2020 ln.
496 1955 633 2032 Omnia,
665 1954 789 2040 inquit,
823 1951 908 2017 haec
935 1949 1039 2017 efficit
1064 1969 1151 2018 nnus

174 2056 207 2110 et
227 2044 311 2110 idem
333 2042 496 2127 Spiritus,
525 2042 580 2108 ubi
604 2042 704 2107 etiam
726 2039 851 2103 diserte
874 2038 916 2102 de
937 2058 1082 2121 persona
1103 2038 1156 2102 di·-

175 2130 267 2197 citur.

693 193 696 197 ’
800 196 858 264 Ν.
884 193 1143 280 messano
1165 193 1367 263 svntnom
1386 191 1548 261 rilem.

1201 385 1249 470 git
1269 404 1345 450 enm
1367 385 1510 449 otiosum
1542 401 1630 448 esee.
1674 381 1801 448 Contra
1828 381 1917 449 hunc
1946 393 2067 448 mnam
2089 403 2181 448 erro-
2230 427 2243 439 ·

1201 490 1271 535 rem
1294 470 1494 536 erudiendae
1515 482 1594 535 sunt
1613 480 1755 549 mentes,
1777 469 1885 534 Deum
1906 469 2030 535 adesse
2049 470 2182 537 unire·

1201 576 1261 622 sae
1282 567 1470 636 creaturae,
1493 569 1527 621 et
1549 574 1666 623 omnes
1684 575 1772 644 quae
1789 567 1979 635 servantur,
2011 569 2044 620 et
2065 566 2181 642 quete-
2215 600 2218 607 ,

1200 661 1265 708 nus
1292 654 1489 721 servantur,
1510 643 1690 707 sustentari
1716 639 1844 708 eDen.
1890 638 1958 706 Sed
1983 643 2030 707 ita
2058 653 2180 721 tamen,

1201 739 1237 794 ut
1256 726 1351 794 Dens
1383 730 1428 793 sit
1449 748 1555 814 agene
1586 727 1740 806 liberum,
1772 735 1938 793 sustentet
1959 729 2067 794 donec
2099 724 2207 807 vult.

1202 825 1280 900 agat
1307 811 1406 880 simul
1433 827 1597 899 quatenns
1629 815 1704 898 ipse
1731 815 1896 894 decrevit,
1930 824 1963 879 et
1990 813 2182 879 moderetur

1202 920 1244 966 ac
1267 911 1371 966 mutet
1398 898 1525 986 aliqua,
1557 911 1694 986 propter
1722 897 1864 983 salutem
1896 896 2071 966 Ecclesiae
2098 919 2182 965 snae

1201 986 1362 1051 immensa
1388 988 1545 1053 bonitate.
1591 984 1686 1052 Hanc
1713 982 1778 1051 De'i
1805 988 2030 1073 praesentiam
2060 983 2181 1052 conlir·

1202 1084 1294 1138 mant
1313 1071 1398 1138 haec
1420 1073 1528 1139 dicta:
1876 1108 1881 1118 ·

1289 1210 1366 1274 Act.
1392 1210 1442 1277 17.
1475 1212 1607 1294 inipso
1630 1211 1782 1289 vivimus,
1804 1229 1977 1276 movemur
1997 1222 2031 1275 et
2053 1230 2193 1291 sumus,

1202 1297 1331 1448 33th
1344 1317 1405 1382 per
1425 1297 1533 1382 ipsum
1550 1296 1658 1375 datur,
1676 1307 1891 1376 sustentatur,
1913 1306 1947 1362 et
1962 1292 2096 1362 lovetnr
2114 1298 2182 1363 vite

1289 1517 1411 1585 Ebrae.
1435 1519 1464 1584 1.
1508 1518 1635 1585 Ferens
1657 1522 1745 1585 omni
1772 1521 1878 1587 verbo
1900 1520 2068 1605 potentiae
2088 1539 2181 1587 snae.

1290 1636 1424 1704 coloss.
1448 1640 1477 1705 l.
1524 1639 1643 1704 Omnia
1665 1660 1726 1725 per
1747 1659 1820 1715 eum
1843 1640 2041 1706 consistunt

1280 1759 1320 1864 ·l.
1342 1757 1424 1824 lim.
1445 1758 1478 1824 6.
1501 1758 1634 1825 additur
1655 1760 1835 1847 descriptio
1846 1757 1927 1826 Dei:
1951 1759 2015 1834 Qui
2036 1759 2183 1843 vivificat

1203 1865 1322 1912 omma.

1288 1964 1382 2031 ilaec
1414 1985 1524 2030 rerum
1546 1968 1744 2032 sustentatio
1777 1979 1810 2031 ct
1844 1968 2074 2043 conservatio,
2115 1984 2183 2052 qna

1200 2051 1297 2118 Deus
1318 2054 1414 2117 adest
1434 2054 1495 2117 toti
1523 2049 1657 2134 opificio
1678 2072 1759 2131 suo,
1789 2065 1823 2117 et
1844 2072 1954 2118 renam
1975 2054 2181 2118 substantiae

1202 2149 1327 2217 servat,
1349 2148 1514 2203 sustentat
1536 2135 1686 2217 coelum,
1709 2149 1742 2202 et
1763 2149 1873 2204 motus
1896 2136 2082 2219 coelestes,
2112 2137 2183 2205 i'oe·

1134 2264 1139 2271 ·
1204 2225 1327 2290 cundat
1358 2235 1500 2303 terram,
1534 2237 1691 2309 procreat
1723 2224 1840 2311 fruges
1861 2226 1895 2290 in
1918 2238 2017 2303 terre,
2040 2227 2083 2290 im
2158 2223 2167 2244 ‘
2208 2267 2213 2273 -

505 2450 568 2519 llll
590 2450 813 2519 SECUNDO.

259 2641 358 2717 Quod
384 2661 441 2708 res
469 2643 537 2707 sint
562 2661 604 2705 ex
625 2638 729 2706 nihilo
760 2651 910 2719 creatae,
941 2640 1040 2704 docet
1066 2637 1152 2703 haec

172 2730 352 2795 sententia:
375 2726 452 2812 lpse
475 2728 573 2804 dixit,
602 2738 636 2793 et
656 2722 748 2791 lacta
769 2737 864 2805 sunt,
885 2723 963 2811 lpse
983 2725 1153 2791 mandavit

172 2828 205 2881 et
227 2825 340 2880 creata
362 2825 451 2892 sunt,
471 2813 588 2892 idest,
609 2813 740 2877 dicente
763 2831 825 2877 seu
842 2813 974 2877 iubente
985 2811 1072 2890 Deo,
1095 2829 1151 2875 res

173 2913 309 2969 exortae
329 2912 418 2964 sunt.
461 2897 539 2964 Non
564 2899 664 2985 igitur
686 2918 729 2963 ex
750 2898 888 2964 materia
909 2899 1019 2983 priore
1040 2908 1151 2963 extru-

173 2998 248 3053 ctae
269 2998 358 3065 sunt,
379 2997 415 3051 ut
426 2985 541 3062 Stoici,
559 2985 625 3050 duo
643 2995 780 3049 aeterna
802 2983 986 3072 lingebant,
1006 2994 1150 3049 mentem

173 3084 207 3138 et
227 3072 409 3139 materiam.
441 3068 577 3136 Relutat
595 3082 709 3135 ‚autem
727 3071 992 3157 imaginationem
1004 3069 1152 3135 Stoicam

174 3169 207 3223 et
227 3157 395 3225 lohannes
412 3157 578 3243 inquiens,
596 3154 716 3220 Omnia
736 3177 798 3241 per
819 3156 829 3219 i
854 3175 929 3220 sum
949 3152 1040 3221 lacta
1062 3169 1150 3221 sunt.

174 3243 265 3334 Ergo
287 3254 321 3309 et
340 3244 481 3309 materia
503 3237 590 3308 coeli
613 3253 646 3307 et
667 3253 777 3307 terrae
799 3262 823 3306 a·
865 3261 906 3307 eo
929 3243 1064 3308 condita
1085 3253 1150 3321 est,

175 3350 237 3396 nec
256 3328 319 3397 luit
339 3331 477 3395 materia
498 3347 677 3415 corporum
694 3339 841 3393 aeterna.

544 3651 606 3717 DE
627 3650 800 3718 nautio.

260 3839 360 3915 Quod
380 3840 477 3906 Dens
505 3839 611 3907 libere
632 3853 667 3907 et
688 3839 808 3906 volens
834 3853 914 3908 tunc
940 3861 1016 3906 eum
1036 3837 1154 3920 voluit,

176 3928 360 3994 condiderit
381 3928 557 4005 mundum,
585 3938 619 3993 et
639 3929 727 4013 quod
749 3929 794 3993 sit
813 3947 920 4014 egens
941 3925 1154 4009 liberrimum,

175 4010 350 4080 manifeste
371 4024 515 4078 testatur
537 4014 659 4079 dictum
672 4011 797 4079 Psalmi
809 4014 883 4078 tlt.
917 4013 1036 4079 Omnia
1053 4032 1154 4099 qnae·

176 4118 307 4185 cunque
328 4096 447 4179 voluit,
470 4097 559 4164 lecit.
592 4096 637 4164 Et
657 4096 794 4166 Psalmo
807 4098 880 4165 135.
914 4100 1033 4165 Omnia
1054 4119 1154 4186 quae·

177 4203 307 4271 cunque
329 4180 438 4252 voluit
457 4182 641 4265 Dominus,
661 4182 742 4252 lecit
768 4187 802 4251 in
824 4182 922 4252 coeio
944 4187 1034 4252 etin
1054 4197 1154 4251 terra.

470 4532 479 4537 ·
529 4508 590 4574 illl
612 4506 807 4582 Quaero.

263 4694 438 4765 indi-mitae
459 4695 614 4778 hunuano,
637 4699 766 4764 etiamsi
788 4699 914 4787 cogitat
939 4698 1050 4766 Deum
1079 4717 1158 4765 esse

178 4784 403 4864 conditorem,
447 4796 556 4850 tamen
589 4797 707 4870 postea
737 4786 803 4851 ίιιιιι
829 4788 954 4867 ‘uatum
993 4796 1030 4852 ut
1061 4781 1157 4851 faber

179 4870 320 4936 discedit
351 4891 373 4936 a
403 4872 480 4936 navi
508 4880 678 4951 extructa,
712 4883 745 4936 et
768 4806 923 4958 relt'nqatt
950 4891 1025 4938 eam
1046 4873 1155 4937 nautis

178 4957 440 5043 gubernandam,
461 4957 508 5023 ita
530 4956 639 5023 Deum
661 4957 834 5023 discedere
854 4978 876 5022 a
896 4978 961 5024 suo
983 4979 1100 5044 opere,
1123 4968 1157 5023 et

178 5037 318 5128 relnqut
353 5055 541 5109 creaturam
568 5054 695 5108 tantum
726 5043 882 5130 propriae
914 5044 1155 5130 gubernationi.

178 5126 274 5195 llaec
295 5128 486 5218 imaginatio
507 5128 616 5214 Deum
637 5141 785 5197 minoret
805 5127 1162 5208 acoemetus·

334 5265 481 5308 mum
489 5265 572 5310 ΟΡΙΙ.
584 5266 649 5308 wls.
659 5267 743 5313 mil.

1203 2312 1301 2376 vitam
1324 2311 1523 2390 viventibus,
1545 2310 1664 2376 dicitur
1684 2310 1806 2376 usitata
1826 2310 2060 2396 appellatione,
2082 2235 2183 2378 m

1202 2394 1267 2460 Dei
1297 2394 1475 2482 generalis.
1501 2396 1585 2483 ¹Sed
1616 2397 1658 2461 de
1685 2395 1751 2461 hac
1777 2397 1922 2464 Actione
1944 2395 2095 2486 geomali
2115 2396 2182 2483 spl-

1201 2502 1307 2547 nosae
1328 2483 1566 2567 disputationes
1585 2480 1750 2568 leguntur,
1772 2484 1849 2568 qnia
1869 2481 2019 2549 homines
2041 2481 2184 2551 naturali

1202 2565 1345 2656 caligine
1377 2565 1567 2633 dilabuntur
1599 2569 1634 2632 in
1663 2569 1796 2634 Stoicos
1820 2571 2010 2653 opiniones,
2043 2567 2101 2635 alli
2126 2581 2184 2635 ent

1201 2652 1310 2718 Deum
1330 2654 1443 2720 causis
1461 2654 1632 2732 secundis,
1656 2657 1804 2742 cogitant
1821 2654 1903 2720 nihil
1914 2658 2045 2736 mutari,
2062 2655 2183 2721 deinde

1203 2753 1365 2825 quaerunt
1393 2739 1504 2818 etiam,
1539 2739 1701 2805 mrtem
1729 2740 1834 2821 mala,
1867 2762 1942 2806 cum
1968 2739 2063 2806 Dens
2096 2741 2183 2806 adsit

1203 2825 1335 2911 opificio
1357 2845 1431 2891 sno.

1289 2979 1414 3047 limum
1445 2983 1660 3047 maximarum
1692 2983 1921 3067 quaestionum
1955 2984 2066 3048 brevis
2091 2994 2184 3048 esset
2254 2992 2260 3003 '

1203 3067 1393 3153 explicatio,
1414 3068 1444 3133 si
1465 3079 1591 3134 mutum
1608 3064 1694 3134 haec
1709 3070 1884 3154 responsio
1901 3087 2035 3154 sennper
2049 3069 2085 3134 in
2103 3088 2184 3135 coa-

1203 3165 1323 3239 spectu
1344 3164 1453 3234 esset,
1486 3151 1596 3221 Deum
1617 3172 1697 3219 esso
1717 3173 1824 3241 agens
1844 3152 2065 3235 liberrirnmn,
2092 3166 2126 3221 et
2146 3151 2184 3220 li·

1202 3242 1283 3306 bere
1305 3241 1427 3307 adesse
1449 3242 1561 3306 mimis
1582 3241 1752 3325 secundis,
1773 3253 1807 3307 et
1827 3239 1931 3308 multa
1951 3243 1985 3307 in
2008 3242 2057 3307 eis
2071 3241 2184 3307 mode·
2236 3308 2242 3317 ,

1204 3328 1281 3428 rari,
1303 3338 1345 3477 eti
1358 3346 1461 3478 egica?
1482 3346 1561 3407 urae,
1581 3341 1746 3413 qnatenus
1767 3329 1841 3479 ipsis
1861 3348 1922 3409 pro
1933 3347 2007 3478 figo
2023 3330 2185 3477 inaug&
2225 3421 2227 3424 y

1204 3425 1912 3584 ttt'tittiitttttmtm
1934 3432 2107 3564 „tint
2130 3508 2185 3563 ...

1203 3581 1384 3736 phraultarmnt
1401 3583 1582 3736 diffiffllfm
1593 3586 1849 3735 dtilueestionum.
1893 3583 1992 3650 Nunc
2020 3585 2121 3670 igitur
2141 3583 2185 3648 de

1227 3690 1271 3736 oc
1292 3689 1406 3756 quino
1427 3689 1513 3736 mem
1536 3691 1575 3735 no
1627 3690 1711 3736 cam

1561 3992 1624 4061 DE
1644 3991 1824 4069 Quinto.

1292 4181 1336 4248 lit
1363 4181 1469 4249 Stoici
1501 4195 1536 4250 et
1563 4181 1650 4250 oliae
1675 4187 1840 4271 quaedam
1868 4198 1983 4251 sectae
2004 4180 2061 4249 alli
2107 4193 2185 4248 runt

1206 4266 1315 4334 Deum
1337 4270 1380 4336 ad
1403 4289 1526 4336 causes
1547 4271 1728 4351 secundas,
1749 4272 1787 4336 ld
1808 4282 1872 4351 est,
1893 4201 2184 4337 finxeranffieom

1206 4352 1288 4421 nihil
1305 4354 1403 4421 aliter
1423 4355 1538 4423 fecere
1557 4377 1673 4441 posse,
1694 4377 1793 4442 quarn
1810 4369 1848 4424 nt
1869 4374 1994 4423 causae
2015 4354 2186 4419 secundae

1207 4454 1411 4547 suenatura
1433 4442 1532 4522 cient,
1547 4455 1590 4547 ‘ut
1611 4464 1685 4508 cum
1707 4442 1793 4507 Sara
1807 4445 1857 4548 ‘sit
1878 4438 2002 4507 sterilis
2024 4452 2058 4505 et
2086 4457 2184 4521 anm,

1208 4526 1827 4680 ddtglnlgmhddlldesdlbillehdscsltlatdddli
1845 4524 2187 4700 ffiglddtridffienlg

1208 4700 1359 4764 ordinem
1368 4711 1517 4780 naturae,
1541 4698 1740 4765 delabuntur
1757 4699 1791 4764 in
1808 4696 2186 4790 hancimeginetionem,

1207 4796 1244 4851 ut
1273 4786 1461 4852 existiment
1485 4783 1568 4853 nihil
1589 4785 1686 4852 aliter
1707 4783 1797 4865 lieri,
1831 4805 1931 4874 quem
1959 4797 1997 4851 at
2023 4785 2080 4852 hic
2100 4784 2186 4852 ordo

1208 4873 1283 4938 ciet.
1327 4869 1499 4957 Acflvalde
1519 4872 1667 4958 impedit,
1688 4873 1933 4939 invocationem
1959 4871 2046 4938 llaec
2072 4871 2187 4958 imagi·

1207 4959 1309 5023 natio.
1353 4956 1546 5045 cogitamus
1573 4960 1659 5022 enim
1685 4970 1723 5024 ut
1744 4958 1863 5026 Stoici:
1897 4957 1983 5034 Quid
2005 4957 2145 5043 prodest
2165 4975 2187 5020 ι

1207 5042 1284 5110 Deo
1305 5055 1419 5130 petere
1437 5044 1727 5130 gehennationem,
1746 5056 1806 5111 aut
1825 5046 2061 5133 mitigationem
2083 5037 2187 5109 malo·
2200 5112 2219 5122 ,-

1207 5148 1298 5206 ιιιιιι,
1323 5123 1354 5194 si
1375 5141 1495 5195 natura
1515 5129 1588 5197 etde
1607 5126 1741 5218 legibus
1760 5126 1889 5200 fertmi
1932 5130 1969 5196 Si
1990 5141 2046 5196 eet
2072 5122 2188 5195 inlelix

1982 5249 2015 5301 10
