4628 5588
148 373 236 440 sicnt
255 391 330 439 eam
351 367 446 435 Deus
469 364 644 433 ordinavit.
679 365 854 432 Ordinavit
873 377 996 446 autern,
1016 377 1054 432 ut
1076 367 1132 432 de-
1271 365 1467 457 Gogitentur
1489 371 1587 436 edam
1608 371 1644 436 in
1663 370 1717 437 hia
1735 374 1932 458 'praeceptis
1953 392 2022 438 non
2043 371 2167 441 utilite·

150 462 270 527 beatur
296 456 486 524 ohedientia
512 455 672 520 ministris
701 450 874 539 Evangelii
904 456 937 517 in
966 453 1132 532 omnibus,
1182 464 1234 519 tes
1251 464 1388 535 tantum,
1409 457 1497 521 siem
1517 454 1926 546 Iurisconsulticogltans,
1948 460 2044 546 pacis
2060 480 2168 528 causa

149 556 237 634 quac
258 555 337 610 suut
369 543 451 608 iuris
473 541 591 619 divini,
612 541 706 607 iuxta
727 541 833 605 dicta:
854 538 919 614 Qui
942 558 1004 605 vos
1026 540 1129 618 audit,
1182 542 1352 627 prohiberi
1373 544 1511 610 caedem
1532 554 1566 610 et
1588 541 1767 623 adulteria,
1795 547 1857 610 sed
1878 547 2065 611 intueamur
2087 568 2167 614 cau·

149 653 203 699 mc
225 632 328 710 audit,
351 626 417 705 Qui
439 649 504 693 vos
523 630 663 712 speruit,
685 647 739 692 me
760 630 897 712 spernit
928 627 1020 691 llaec
1042 627 1132 691 dicta
1182 647 1241 697 sas
1257 629 1404 713 prioresr
1427 629 1522 696 Dens
1544 629 1617 696 vult
1639 630 1904 697 conformitatem
1927 653 2002 698 oum
2023 652 2088 698 suo
2110 653 2167 699 01.

55 715 63 723 “
150 730 278 785 tantum
308 717 351 782 ad
381 716 565 780 doctrinam
593 727 626 780 et
648 714 801 779 mandata
828 715 909 779 iuris
932 715 1033 778 divini
1055 733 1130 796 per·
1181 716 1269 781 dine.
1313 715 1390 800 lpse
1411 729 1522 782 autem
1543 716 1650 804 diligit
1669 715 1787 783 Filium
1808 716 1990 797 Christum,
2011 719 2168 804 prohibet
2244 737 2272 800 f

107 834 113 841 ·
148 805 266 884 tinent,
289 814 323 868 et
344 822 413 866 non
436 802 641 866 constituunt
657 800 832 885 Episcopis
855 813 911 865 aut
933 800 1130 864 Pectoribus
1181 802 1322 867 iniustas
1345 803 1467 867 caedes
1491 805 1524 867 in
1546 814 1617 868 toto
1640 824 1765 888 genere
1785 805 1941 871 humano.
1963 803 2168 887 Fstcastns,
2240 862 2244 867 .

149 910 289 978 regnum
311 900 406 955 extra
426 887 652 954 ministerium.
1182 888 1257 953 ideo
1279 885 1350 954 vult
1371 900 1405 953 et
1426 909 1489 953 nos
1513 900 1629 954 castos
1651 910 1741 970 esse,
1765 901 1798 954 et
1819 891 1960 957 destruit
1983 890 2180 959 conhum-

1182 973 1273 1053 ltem,
1295 977 1441 1040 sciamus
1463 975 1561 1040 etiam
1582 977 1888 1060 interpretationem
1908 969 2077 1043 aChristo
2098 989 2166 1044 tra·

235 1060 292 1127 De
322 1060 471 1147 ipsorum
504 1070 614 1125 autern
650 1058 881 1124 traditionibus
913 1055 1131 1144 Evangelium
1183 1061 1284 1125 (litam
1304 1058 1423 1126 Matth.
1446 1060 1479 1125 5.
1501 1060 1660 1127 videlieet
1681 1073 2039 1129 nontantumexternc
2060 1083 2168 1147 opera

85 1205 88 1208 ⁴
150 1146 218 1215 ltoc
240 1147 362 1225 sancit,
386 1145 622 1212 Ordinationes
648 1144 793 1209 humana
815 1144 992 1210 autoritate
1022 1142 1131 1209 factas
1184 1147 1354 1212 contraria
1374 1145 1470 1234 Legi,
1492 1150 1633 1213 iniustas
1656 1150 1778 1214 caedes
1800 1160 1835 1213 et
1856 1147 2027 1215 libidinum
2049 1147 2167 1215 conlo·

150 1231 387 1321 intelligendas
405 1252 484 1298 esse
505 1233 577 1297 sine
600 1232 755 1316 opinione
773 1229 884 1297 cultus
913 1241 947 1295 et
967 1232 1039 1295 sine
1063 1251 1083 1294 o
1108 1231 1132 1294 i·
1182 1234 1299 1298 aiones
1320 1230 1501 1318 prohiberi,
1533 1234 1714 1300 sedetiam
1736 1236 1909 1319 interiores
1932 1235 2084 1302 llamrnas
2105 1258 2167 1322 pa·

150 1316 251 1386 niune
271 1321 498 1398 necessitatis,
522 1329 558 1383 ut
579 1329 667 1386 sunt.
679 1319 871 1383 observatio
890 1315 1062 1396 festorum,
1082 1254 1131 1381 h·
1182 1331 1325 1406 gnautes
1344 1341 1419 1387 eum
1440 1319 1534 1407 Lege
1556 1319 1632 1386 Dei.

152 1409 298 1473 &onum
330 1418 394 1473 etc.
440 1404 510 1472 Sed
542 1425 617 1470 curn
645 1407 822 1489 opponitur
854 1401 1041 1489 exemplum
1066 1402 1131 1468 Le·

151 1513 231 1582 garn
246 1491 467 1578 politicarum,
490 1502 684 1557 constanter
699 1491 1043 1576 respondendumest,
1065 1489 1132 1554 dis·
1182 1539 1206 1606 li
1269 1454 1426 1562 S⁰i³¹¹¹¹¹ff
1445 1459 1554 1561 ‘fimi
1577 1457 1745 1561 qf¹⁰m⁰d⁰
1767 1457 2038 1564 ffip⁰¹¹d⁸¹¹d¹¹ff¹
2059 1455 2167 1564 mul

116 1622 124 1631 .
151 1577 262 1646 similo
284 1599 380 1659 esse,
403 1590 437 1644 et
459 1598 562 1645 caum
582 1576 668 1641 haee
690 1589 753 1657 est,
775 1578 851 1663 quw
873 1576 968 1640 Deus
989 1577 1133 1641 armavit
1206 1562 1272 1608 ano
1305 1554 1339 1607 ct
1370 1542 1464 1622 ains,
1497 1565 1552 1629 qur
1574 1545 1825 1630 drsputaverunt
1846 1542 2021 1630 Evangelu
2043 1546 2167 1611 doctm-

197 1675 352 1730 testatem
379 1662 549 1749 politicam
575 1664 751 1729 autoritate
786 1663 949 1728 condendi
977 1664 1131 1748 proprias
1182 1650 1260 1733 ΜΨ
1281 1629 1461 1733 “¹³⁸⁰de
1483 1642 1515 1734 (Ξῖ
1536 1630 1758 1732 R⁰l¹¹³⁰5⁰⁸²¹¹¹
1780 1649 1857 1694 0⁸⁸0
1876 1632 1964 1696 viiie
1986 1628 2166 1734 humando,

149 1686 259 1839 suffles,
281 1771 368 1839 quae
389 1772 456 1816 „011
477 1761 629 1836 pugnam
655 1770 731 1815 cum
753 1752 824 1815 pure
843 1742 972 1828 divino,
999 1761 1034 1815 e,
1062 1747 1132 1814 vul,
1183 1737 1261 1802 quta
1281 1715 1456 1801 prehibeat
1472 1716 1661 1781 vindictam.
1705 1715 1989 1802 Respondendum
2004 1727 2058 1783 est
2078 1738 2167 1784 enrm

149 1834 208 1905 lllo
231 1835 366 1904 vinculo
388 1838 546 1903 munitam
568 1856 646 1901 esse
658 1856 786 1920 pacem,
809 1832 965 1901 videlicet
976 1836 1132 1900 ohedien—
1183 1799 1354 1952 Bmhibe‘i
1376 1803 1556 1868 Vindictam
1577 1803 1739 1887 privatam
1760 1822 1823 1866 ⁵⁶¹¹
1850 1824 1917 1869 ”⁰¹¹
1935 1805 2123 1869 “dinam
2145 1825 2167 1870 ²

149 1925 196 1990 tia
218 1926 330 1990 dehita
357 1922 510 1990 honestis
536 1919 668 2008 legibus
701 1936 735 1988 et
762 1924 934 1987 sententiis
955 1920 1132 2009 Magistra·
1217 1889 2169 1994 ⁰⁰³⁸⁰VP‘55553mev0‘91’me0ipi“mmmmm

148 2022 252 2077 mm·
1182 1974 1312 2054 aDeo,
1330 1973 1486 2042 vrdehcet
1507 1973 1652 2040 effictum
1672 1973 1939 2061 hlagrstratuum.
2061 2070 2068 2077 Ι

236 2147 302 2214 Sed
319 2146 491 2212 ministros
513 2145 688 2232 Evangelii
710 2167 918 2233 nequaquam
944 2148 1015 2210 vult
1041 2145 1131 2209 insti-
1268 2145 1361 2213 llaec
1383 2147 1459 2231 ipsa
1481 2146 1647 2211 distinctio
1669 2143 1847 2211 utilissima
1866 2156 1919 2212 est
1939 2148 2097 2233 imperiis,
2132 2158 2168 2213 et

82 2231 98 2239 ”
152 2245 247 2303 tuere
267 2253 378 2299 nevos
402 2230 528 2313 cultus,
556 2245 590 2298 et
619 2234 648 2297 si
671 2235 749 2317 quid
772 2235 850 2296 honi
875 2231 1000 2296 ordinis
1029 2251 1132 2296 causa
1183 2234 1329 2297 ostendit
1359 2233 1583 2318 praesentiam
1618 2230 1682 2297 Dei
1704 2233 1748 2311 ,in
1782 2229 1960 2299 dilectione
1993 2234 2168 2300 societatis

151 2318 351 2405 instituitur,
362 2327 400 2385 ut
421 2320 528 2385 series
549 2320 723 2397 festorum,
745 2315 815 2383 vult
833 2338 874 2382 ea
895 2314 1036 2403 intelligi
1058 2317 1132 2382 sine
1182 2316 1356 2385 humanae.
1418 2318 1511 2384 llaec
1533 2330 1604 2384 tota
1626 2319 1779 2383 doctrina
1799 2321 1976 2404 perspicue
1996 2320 2030 2384 in
2048 2316 2168 2386 Eccle-

153 2405 309 2491 oplnione
341 2403 452 2471 cultus
484 2415 518 2469 et
546 2404 769 2470 necessitatis.
820 2403 915 2468 Hauc
943 2400 1131 2469 libertatem
1182 2406 1241 2470 siis
1262 2403 1387 2470 nostris
1411 2404 1574 2490 explicata
1596 2416 1649 2469 est
1667 2403 1730 2469 Dei
1748 2403 1923 2484 beneficio,
1946 2416 1979 2471 et
1989 2402 2168 2473 refutanda

151 2490 186 2557 ln
207 2488 398 2577 Evangelio
417 2492 581 2558 sancitam
602 2487 695 2555 nulla
715 2488 858 2555 humana
879 2491 1040 2555 autoritas
1061 2512 1131 2556 mu·
1181 2502 1260 2557 suut
1293 2487 1507 2558 deliramenta
1537 2489 1780 2558 hlonachorum
1802 2502 1836 2555 et
1856 2490 2168 2578 Anabeptistcrum,

83 2640 86 2645 .
151 2585 224 2645 tare
244 2588 367 2666 petest.
411 2575 505 2645 llaec
526 2579 615 2645 scire
635 2595 776 2643 necesse
798 2586 861 2642 est.
1183 2578 1390 2664 adquorum
1411 2589 1605 2664 argumenta
1627 2577 1755 2643 erudite
1777 2579 2045 2663 respondendum
2067 2587 2133 2644 cst.
2189 2578 2192 2583 ’

1243 2721 1358 2805 Deus
1389 2721 1505 2804 dicit:
1537 2720 1642 2805 Mihi
1671 2721 1895 2806 vindictam
1925 2733 1969 2805 et
1989 2751 2068 2836 ego
2098 2744 2181 2807 re··

361 2901 425 2973 oa
447 2901 615 2980 emano
638 2898 917 2971 raacesrro.
1303 2843 1491 2925 tribuam.
1607 2963 1616 2982 .
2061 2964 2069 2981 .
2133 2964 2142 2982 .

1244 2962 1353 3074 Ergo
1388 2991 1466 3049 nec
1503 2961 1766 3075 Magrstratus
1803 2975 1995 3048 exerceat
2029 2964 2169 3049 vmdc-

489 3132 786 3235 Nonoccides.
1304 3095 1423 3166 mm·

388 3308 420 3357 ο
1271 3279 1487 3369 Respondeat
1519 3281 1617 3370 Nego
1640 3284 1925 3369 consequentiam,
1953 3285 2032 3371 quia
2052 3285 2086 3350 in
2107 3306 2168 3352 an·

239 3365 327 3433 Tota
347 3365 434 3433 haec
460 3388 541 3453 pars
562 3364 729 3454 Decalogi
756 3366 960 3432 constituens
987 3361 1135 3451 politiam
1186 3371 1361 3433 tceedente
1383 3368 1672 3454 comprehenditur
1693 3367 1838 3437 officium
1849 3368 2079 3457 Magistratus,

153 3453 189 3520 ln
209 3464 347 3521 externa
366 3454 605 3540 gubernatione
627 3451 835 3520 manifestam
864 3452 966 3518 habet
986 3452 1134 3517 necessi·
1185 3456 1366 3520 retribuam
1387 3453 1443 3522 vel
1464 3477 1524 3542 per
1546 3478 1598 3522 me
1619 3458 1817 3537 immediate,
1837 3469 1874 3523 ut
1896 3479 1971 3522 cum
1992 3455 2086 3523 Deus
2133 3479 2169 3524 e·

153 3550 266 3607 tatem.
294 3538 337 3606 Et
358 3540 414 3607 hic
435 3541 509 3626 ipse
528 3537 685 3625 politicus
707 3542 790 3606 ordo
812 3538 1022 3604 manifestum
1042 3540 1134 3610 testi·
1185 3537 1234 3607 let
1266 3540 1487 3626 Pharaonem,
1521 3542 1712 3623 Sodomam,
1745 3543 1801 3609 vel
1822 3545 1977 3626 mediate,
2008 3555 2047 3612 ut
2066 3544 2167 3613 Deus

153 3627 298 3731 monium
320 3638 382 3732 est,
415 3628 505 3777 ‹ppod
538 3627 583 3691 sit
603 3625 717 3705 Deus,
738 3637 784 3691 et
804 3626 893 3712 quod
915 3626 961 3689 sit
981 3626 1080 3691 iudex
1101 3634 1135 3691 et
1184 3629 1280 3714 punit
1302 3625 1476 3695 Catilinam
1497 3650 1558 3715 per
1575 3627 1752 3695 Consules.
1786 3715 1788 3721 ,

152 3714 295 3884 itit
312 3734 440 3864 ,iiiia
460 3712 792 3886 ffittttlti‘ti
813 3708 1135 3879 ittti‘idttil
1251 3766 1253 3770 ’

153 3895 300 3950 autnon
327 3896 469 3970 possum
495 3882 609 3951 lacere
638 3887 728 3952 iuxta
755 3886 895 3952 dictum:
929 3884 1044 3950 Omnis
1078 3884 1135 3970 qui

153 3967 1135 4125 tttttd‘titillo„tiitsttdiidit,billi
1415 3970 1477 4036 ⁰³
1498 3970 1643 4040 scxm
1664 3971 1939 4043 mm·

118 4171 129 4178 ·
153 4132 308 4211 versibus
328 4141 544 4230 Empedoclis
566 4143 697 4209 ditibus
1010 4103 1021 4136 ⁹
1842 4147 1870 4207 .'

1463 4183 1560 4269 Non
1595 4188 1884 4272 moechabens.

195 4294 275 4362 ἀλλὰ
295 4296 330 4361 td
350 4303 406 4381 μέν
427 4300 550 4385 πρῶτον
566 4297 693 4380 νόμιμον
714 4297 766 4363 διὰ
786 4297 813 4363 τ’
833 4296 1046 4384 εὖρυμεδόντος

279 4386 407 4472 αἵθ’ρθθ
428 4383 556 4466 immi
576 4393 692 4450 “¹⁹¹⁶“
707 4390 759 4449 *αἶ
780 4383 905 4450 'inum
926 4382 1029 4466 “⁸³75ss
1272 4416 1397 4508 Legem
1432 4428 1466 4483 et
1498 4420 1639 4486 virtutes
1670 4419 1742 4486 vult
1773 4421 1869 4489 Deus
1891 4421 2044 4510 intelligi,
2074 4435 2114 4493 ut
2133 4439 2172 4495 ct

1188 4505 1346 4585 sciamus,
1369 4501 1477 4590 qualis
1497 4506 1571 4591 ipse
1582 4509 1638 4587 sit,
1662 4518 1696 4573 et
1716 4509 1749 4574 in
1762 4508 1977 4576 lnroeatione
1999 4512 2172 4579 discerna-

240 4584 573 4675 Gomprehendantur
593 4602 704 4657 autem
726 4591 758 4655 ln
780 4587 1019 4676 hacDecalogi
1040 4601 1136 4675 parte
1187 4610 1261 4657 mus
1284 4611 1359 4655 euru
1380 4611 1402 4656 a
1423 4588 1520 4658 malis
1541 4595 1682 4660 naturis.
1703 4593 1797 4661 Facit
1818 4608 1927 4662 autem
1949 4595 2079 4664 illustre
2101 4600 2172 4681 dis·

152 4669 252 4739 etlam
274 4675 686 4764 dictadelllagistratuum
708 4677 834 4757 officio,
851 4697 937 4763 qnos
959 4675 1054 4743 Deus
1065 4674 1136 4743 vult
1188 4679 1331 4756 crimen,
1365 4675 1525 4759 Castitas,
1560 4701 1658 4765 quam
1692 4694 1850 4766 quantum
1876 4681 1958 4749 velit
1979 4683 2086 4765 Deus,
2108 4686 2172 4753 du-
2269 4698 2281 4729 ⁸

153 4769 349 4826 executores
372 4783 451 4828 esse
473 4784 667 4849 poenarum.
733 4762 797 4838 Qui
812 4786 901 4845 cum
922 4785 990 4831 non
1011 4762 1137 4828 iaciunt
1187 4760 1316 4848 pliciter
1335 4761 1474 4851 intelligi
1496 4778 1619 4849 potest,
1642 4779 1675 4832 et
1696 4770 1774 4854 quia
1795 4771 1868 4854 ipse
1885 4769 2089 4836 horribiliter
2109 4794 2172 4856 pu·

2220 109 2238 127 “
2284 116 2306 159 ”a

146 182 217 264 arr
777 174 893 243 run.
913 172 1018 245 unu
1039 174 1230 245 semma
1248 140 1563 247 memnon·
2098 184 2168 253 m
2244 207 2251 213 -

153 4840 313 4924 osticium,
337 4846 432 4914 Deus
454 4858 567 4915 tamen
586 4869 717 5000 poenas
740 4853 932 4936 exequitur,
965 4859 999 4915 et
1021 4860 1136 4915 servat
1186 4851 1235 4914 nit
1256 4847 1473 4916 confusiones
1505 4851 1687 4933 libidinum,
1719 4865 1754 4919 et
1775 4858 1852 4941 quia
1874 4854 2009 4921 Diaboli
2029 4867 2097 4924 tam
2119 4858 2172 4929 fu·
2300 4857 2305 4863 ’

153 4929 323 5037 pegulam:
342 4932 459 5040 Omnis
481 4937 539 5041 qui
562 4935 710 5022 gadium
731 4936 910 5021 acceperit,
951 4934 1040 5001 ladio
1062 4955 1136 5021 per·
1187 4946 1301 5001 renter
1322 4935 1496 5040 impellunt
1513 4939 1684 5020 homines,
1718 4953 1754 5006 ut
1774 4943 1869 5007 varie
1889 4946 2169 5028 contaminentur,

153 5018 225 5085 tbrt.
280 5017 377 5084 ltemr
406 5021 523 5086 (imnis
546 5025 669 5103 anima,
690 5044 777 5109 quae
798 5023 915 5090 fecerit
979 5026 1136 5090 sahomi·
1188 5026 1277 5109 quod
1299 5021 1437 5104 famant,
1458 5047 1525 5091 non
1548 5027 1626 5112 quia
1648 5024 1804 5112 voluptas
1827 5027 1943 5095 similis
1962 5031 2050 5097 'sitin
2073 5033 2171 5119 ipsis,

152 5104 585 5184 ascomannorum..
789 5154 794 5161 -
1187 5120 1226 5175 ut
1239 5110 1280 5177 in
1300 5108 1429 5179 carnali
1449 5121 1579 5193 notua,
1597 5114 1659 5180 sed
1681 5115 1759 5205 odio
1778 5114 1857 5198 Dei,
1873 5126 1912 5183 ut
1930 5118 2040 5205 aragia
2066 5118 2171 5205 den-
