4628 5588
145 184 213 253 aaa
476 135 480 145 ’
774 183 818 250 v.
861 154 1132 251 amiterno
1153 180 1356 269 sunnon
1375 182 1536 287 nicam.
1903 159 1906 163 ’
2098 187 2166 257 aco

145 395 219 441 ram
239 374 275 439 in
297 370 438 461 Angelis
459 368 662 452 labentibus,
685 382 720 436 et
741 368 942 451 hominibus,
965 373 1053 439 sicut
1075 393 1129 438 ex·
1181 372 1352 453 Abrabae,
1373 374 1482 439 exitus
1503 393 1545 440 ex
1557 375 1725 463 Aegypto.
1757 374 1852 442 llaec
1872 375 2033 444 miracula
2054 379 2166 457 omnia

135 482 136 485 ¹
169 480 266 527 resse
298 461 422 526 dictum
451 471 505 525 est
536 461 571 524 in
602 457 753 544 Epistola
774 456 888 539 ludae,
922 457 976 524 An
1003 456 1076 525 eloe
1096 461 1129 524 in
1182 473 1260 526 sunt
1276 460 1465 527 testimonia
1487 463 1529 528 de
1551 460 1639 543 Deo,
1673 463 1716 527 de
1737 471 1809 527 tota
1830 464 1902 529 eius
1924 464 2088 547 doctrina,
2121 466 2165 545 da

178 569 259 652 psu·
277 568 361 699 md
378 547 556 696 retippissc
588 546 714 613 initium
745 564 861 625 suum,
893 557 927 610 et
954 480 1131 633 reliquisse
1180 545 1278 627 Filio,
1303 547 1346 612 de
1366 544 1546 613 creatione
1568 559 1601 614 et
1617 545 1794 615 Ecclesiae
1817 546 2025 616 collectione.

169 655 209 699 ro
232 654 316 698 rrum
362 652 460 698 cmrcr
475 652 551 698 tunt·
1761 694 1764 701 .
2122 646 2126 653 '

144 657 168 722 P
209 656 232 721 P
404 716 408 727 '
1266 718 1325 784 Sic
1337 716 1433 784 Deus
1455 718 1635 805 opitulatur
1656 730 1794 787 nostrae
1814 720 2004 802 infirmitati,
2026 743 2092 809 qua
2105 743 2164 790 na·

233 805 354 871 Statim
377 806 476 870 etiam
497 815 563 870 tem
588 824 649 871 ore
660 800 913 889 Apostolorum,
936 800 1044 868 Ebion
1067 801 1129 868 Ge
1177 795 1295 873 taralis
1317 808 1470 872 assensio
1489 819 1567 891 post
1580 804 1712 893 lapsum
1729 808 1860 873 turbata
1874 819 2039 876 estetest
2060 806 2163 894 plena

146 890 276 958 rintbus
299 904 333 957 et
354 892 474 957 deinde
494 827 619 957 Paulas
636 890 891 970 samosatenae,
913 889 1074 955 Photinus
1096 901 1147 969 et¹
1180 893 1432 972 dubitationum,
1455 893 1532 959 ideo
1554 891 1876 959 revocatnosDeus
1898 895 1941 958 ad
1963 896 2165 982 agnitionem
2194 958 2205 974 ,

145 976 240 1044 multi
273 975 328 1042 alii
361 979 622 1058 contendemnt,
655 976 693 1040 ln
727 975 872 1041 Domino
902 988 1020 1041 nostro
1052 975 1130 1041 lesu
1181 980 1361 1045 creationis
1383 998 1548 1066 expresso
1571 981 1676 1044 verbo
1699 999 1763 1045 suo
1786 992 1820 1045 et
1841 978 2021 1047 miraculis.

147 1063 283 1131 Christo
306 1074 386 1129 nato
410 1084 452 1129 ex
474 1065 603 1151 virgine
624 1075 751 1128 tantum
773 1082 851 1130 esse
871 1061 1049 1128 humanam
1070 1083 1129 1128 na·

146 1162 266 1218 turam.
323 1149 415 1215 ilaec
448 1148 656 1236 blasphemia
688 1147 766 1214 fons
801 1161 854 1214 est
886 1146 1129 1214 mahometicae
1267 1149 1412 1216 Primum
1434 1152 1533 1237 igitur
1554 1149 1728 1218 articulum
1750 1153 1792 1217 de
1815 1153 1984 1219 creatione
2000 1174 2042 1219 err
2058 1155 2163 1221 verbo

145 1234 1129 1390 hittinhtt0{iiiiii-tt‘iitiiit'ttt
1181 1235 2163 1409 Phitfflttapttttittttmtithittttit

1038 1370 1047 1386 ·
1354 1369 1365 1403 a

146 1408 386 1495 blasphemiam
422 1422 624 1494 coeperunt,
661 1419 695 1473 et
727 1418 837 1474 astute
870 1404 1008 1473 eludunt
1041 1409 1130 1472 dicta
1181 1412 1236 1496 qui
1259 1410 1442 1476 docuinam
1464 1410 1557 1496 prius
1580 1431 1622 1475 ex
1643 1411 1748 1476 verbo
1771 1411 1968 1477 didicerunt
2150 1372 2162 1408 ³

147 1495 303 1561 lobannis
328 1495 357 1559 1.
381 1504 414 1560 et
435 1492 501 1559 alia
523 1495 614 1560 dicta
635 1495 865 1584 congruentia
1669 1570 1672 1575 Ι

451 1597 457 1603 ·
1266 1580 1330 1646 Est
1350 1591 1460 1647 autem
1483 1579 1644 1647 articulus
1672 1582 1715 1647 de
1736 1584 1905 1649 creatione
1927 1582 2053 1650 Genea.
2077 1585 2108 1648 i.
2125 1595 2166 1651 et

234 1670 418 1733 Taneamus
440 1677 549 1733 autem
570 1664 716 1732 illustria
738 1667 940 1745 testimonia,
973 1685 1060 1751 quae
1081 1664 1129 1730 al·
1180 1666 1260 1735 alibi
1292 1686 1395 1753 saepe
1428 1688 1625 1773 expressus,
1678 1669 1745 1733 uod
1767 1665 1920 1735 videlicet
1941 1666 2036 1734 Deos
2058 1681 2164 1735 aeter·

147 1753 280 1819 firmant
300 1752 386 1834 λόγον
407 1770 484 1818 esse
505 1752 717 1837 ὅφιστᾰμινον,
750 1763 783 1819 et
815 1772 893 1818 esse
913 1748 1030 1817 lilium
1053 1761 1131 1817 ante
1180 1774 1246 1821 nus
1267 1752 1368 1819 Pater
1384 1750 1520 1821 Domini
1541 1756 1647 1820 nostri
1655 1689 1745 1820 lesu
1757 1753 1882 1821 Christi
1898 1776 1966 1821 una
1988 1776 2063 1822 cum
2078 1753 2162 1822 Filio

148 1839 386 1906 assumtionem
407 1838 572 1905 humanae
593 1850 743 1918 naturae,
775 1841 864 1905 sicut
890 1839 994 1925 inquit
1015 1837 1129 1903 Domi·
1183 1850 1362 1906 coaeterno
1396 1852 1431 1906 et
1460 1840 1584 1926 Spiritu
1619 1852 1736 1905 sancto
1769 1842 1954 1908 condiderit
1986 1862 2027 1906 ex
2059 1839 2163 1907 nihilo

149 1944 230 1992 nusr
255 1924 441 2011 Antequam
452 1925 622 1991 Abraham
643 1936 743 1991 natus
765 1936 828 2005 est,
850 1946 869 1990 e
893 1944 1018 1991 osum.
1048 1925 1128 1995 ltem
1181 1923 1312 1992 coelum
1334 1937 1367 1993 et
1398 1937 1533 2006 terram,
1566 1925 1706 2014 angelos
1736 1938 1769 1991 et
1790 1928 1953 2008 homines,
1987 1940 2019 1994 et
2053 1929 2164 1994 omnia

149 2009 273 2078 Paulus
295 2013 412 2097 inquit,
434 2009 844 2098 Affuissechristumpop
882 2013 957 2078 oin
981 2014 1127 2093 deserto,
1179 2012 1310 2099 reliqua
1349 2032 1501 2098 corpora.
1553 2011 1610 2078 Sic
1644 2015 1686 2079 de
1714 2010 1799 2078 Filio
1821 2012 1935 2079 laban.
1961 2015 1990 2078 l.
2025 2015 2162 2080 dicitur:

153 2109 186 2164 et
207 2100 249 2165 ad
271 2096 407 2166 Coloss.
431 2098 497 2173 Qui
518 2109 670 2165 estante
691 2100 834 2185 omnia„
894 2118 899 2131 ι
1179 2097 1298 2164 Omnia
1314 2118 1376 2185 per
1397 2099 1505 2182 ipsum
1527 2096 1618 2164 iacta
1635 2111 1725 2165 sunt.
1769 2098 1811 2164 Et
1833 2099 1875 2164 de
1896 2100 2020 2249 Spiritu
2042 2110 2162 2166 sancto

1180 2196 1316 2251 creante
1339 2185 1474 2250 dicitur:
1507 2183 1623 2251 Verbo
1644 2183 1778 2253 Domini
1805 2182 1890 2252 coeli
1933 2187 2049 2251 armati
2070 2196 2162 2268 sunt,

1035 2289 1042 2297 “
1180 2281 1214 2336 et
1235 2270 1359 2355 Spiritu
1381 2273 1451 2335 oris
1481 2272 1551 2336 aius
1585 2272 1690 2336 omnis
1722 2272 1828 2337 virtus
1851 2270 1977 2338 eorum.
2016 2270 2164 2359 ‚Semper

964 2371 969 2382 ·
1181 2368 1290 2422 autem
1317 2357 1350 2422 in
1384 2358 1586 2444 cogitatione
1615 2359 1657 2423 de
1684 2358 1853 2424 creatione
1885 2354 1983 2426 simul
2012 2370 2163 2446 compre·

415 2431 491 2514 DE
521 2428 859 2518 OREATIONE.
1178 2442 1344 2509 hendatur
1376 2444 1529 2509 doctrina
1561 2445 1604 2509 de
1634 2445 1772 2510 assidua
1803 2446 1994 2531 praesentia
2024 2442 2091 2511 Dei
2129 2454 2164 2512 et

1181 2529 1437 2596 conservatione
1457 2550 1579 2597 rerum.

183 2622 185 2627 ’
234 2609 350 2680 Voluit
370 2612 467 2680 Deua
498 2616 661 2692 immensu
693 2616 841 2681 bonitate
867 2633 908 2679 se
928 2611 1129 2699 patefacere,
1320 2668 1322 2671 .

149 2711 184 2766 et
205 2719 245 2765 se
267 2702 428 2766 creaturis
449 2699 669 2767 rationalibus
697 2702 952 2767 communicare.
996 2700 1075 2767 ldeo
1097 2714 1130 2767 et
1267 2700 1445 2767 infirmitas
1467 2702 1611 2768 bumana
1640 2702 1769 2768 etiamsi
1796 2703 1921 2789 cogitat
1942 2702 2051 2769 Deum
2084 2720 2184 2773 esse.

147 2781 330 2852 rationales
354 2799 525 2853 creaturas
548 2798 580 2852 et
602 2808 716 2852 earum
744 2784 947 2852 domicilium
973 2788 1129 2867 condidit,
1182 2789 1406 2852 conditorem:
1450 2797 1560 2852 mmen
1593 2799 1713 2874 postea
1744 2788 1955 2876 imaginatur,
1994 2799 2030 2854 ut
2066 2784 2164 2855 faber

94 2924 106 2939 .
147 2884 181 2938 et
202 2873 285 2958 ipsis
305 2870 524 2954 ratiopalibus
546 2874 706 2939 creaturis
729 2882 762 2937 et
783 2871 947 2941 domicilio
962 2874 1130 2959 impressit
1181 2873 1323 2938 discedit
1346 2895 1366 2938 a
1387 2892 1473 2938 nave
1495 2884 1658 2955 excocta,
1692 2885 1725 2939 et
1758 2872 1912 2962 relinquit
1945 2894 2020 2939 earn
2040 2876 2163 2957 nautis,

147 2958 398 3025 innumerabilia
420 2962 463 3026 de
484 2980 561 3027 sese
583 2959 781 3043 testimonia,
810 2968 846 3025 ut
874 2970 1130 3047 agnosceretur,
1180 2961 1225 3025 ita
1258 2958 1367 3025 Deum
1400 2959 1572 3026 discedere
1604 2983 1627 3026 a
1659 2956 1721 3026 suo
1756 2981 1875 3047 opere,
1907 2971 1941 3026 et
1975 2958 2163 3049 relinquere

149 3047 228 3133 quia
249 3046 285 3110 in
307 3047 476 3132 agnitione
498 3066 576 3112 sese
599 3046 900 3112 communicatums
923 3057 1003 3112 erat.
1034 3050 1130 3112 lusu·
1181 3056 1351 3112 creaturas
1373 3054 1502 3112 tantum¹
1520 3049 1676 3133 propriae
1697 3048 1938 3136 gubernationi.
1968 3046 2062 3114 Haec
2082 3048 2163 3113 ima·

147 3152 208 3219 per
230 3133 328 3198 etiam
350 3133 476 3197 addidit
497 3144 669 3201 externum
692 3134 841 3212 verbum,
886 3152 931 3198 uo
951 3106 1158 3220 alloquensl
1214 3133 1304 3198 natio
1326 3152 1481 3219 magnam
1504 3130 1679 3221 caliginem
1703 3132 1841 3213 offundit
1862 3134 1992 3214 aninris,
2022 3146 2055 3200 et
2076 3135 2163 3222 parit

93 3274 101 3282 .
147 3219 273 3305 primos
305 3217 475 3296 homines,
514 3218 736 3285 testimonium
769 3153 940 3305 singulare
973 3220 1129 3299 ostendit,
1202 3218 1413 3284 ubitationes.

148 3305 226 3391 quia
257 3306 323 3370 boc
355 3303 516 3372 miraculo
547 3303 748 3391 alloquentis
769 3303 834 3370 Dei
862 3304 1128 3379 commonefacti,

218 3392 380 3456 cacabant
402 3412 480 3458 esse
500 3389 609 3458 Deum
639 3402 673 3455 et
700 3410 778 3456 csse
801 3403 997 3471 creatorem,
1027 3402 1061 3456 et
1080 3392 1129 3457 in·
1266 3388 1334 3455 Alii
1363 3389 1479 3459 Stoica
1506 3392 1741 3480 imaginatione
1778 3390 1908 3478 lingunt
1949 3386 2060 3455 Deum
2088 3388 2162 3454 alli·

147 3410 217 3543 lili
264 3479 344 3543 bunt
372 3480 402 3544 ei
436 3478 655 3544 obediendum
688 3496 778 3557 esse,
811 3488 845 3543 et
877 3479 989 3542 andito
1023 3478 1128 3544 verbo
1180 3488 1292 3564 gutum
1315 3496 1395 3543 esse
1422 3479 1534 3542 causis
1562 3479 1731 3557 secundis,
1762 3497 1826 3544 uec
1853 3477 2035 3627 quicquam
2065 3472 2162 3540 aliter

34 3592 35 3597 ¹
149 3565 210 3628 sim
257 3561 447 3648 periilium
460 3564 642 3631 Patererat
663 3566 697 3630 in
720 3563 769 3629 eis
791 3575 826 3630 et
846 3562 1049 3629 laetificabat
1070 3583 1131 3629 eos
1244 3583 1283 3628 sc
1303 3561 1388 3642 fieri,
1417 3573 1514 3650 quam
1536 3574 1574 3633 ut
1597 3584 1719 3629 carucae
1746 3583 1850 3630 secun
1875 3584 1916 3627 ae
1949 3562 2048 3626 cient.
2092 3558 2159 3626 Alii
2236 3580 2267 3609 ·,

35 3674 40 3683 ¹
149 3648 358 3799 Spiritusne
381 3649 756 3732 sancto,sieutloban.
783 3651 812 3715 l.
836 3650 973 3716 diciturr
995 3648 1031 3716 ln
1054 3651 1130 3736 ipso
1208 3652 1344 3737 picurea
1374 3651 1537 3716 coecitate
1564 3651 1787 3737 imaginantur
1813 3648 1924 3714 omnia
1959 3668 2043 3714 casu
2070 3644 2161 3715 volvi

147 3757 169 3800 v
182 3747 216 3801 ta
238 3747 321 3815 erat,
350 3748 384 3803 et
403 3739 473 3803 vita
495 3751 568 3805 erat
593 3737 651 3804 lux
673 3737 852 3821 bominum.
897 3735 940 3801 Et
960 3738 1011 3803 sie
1035 3746 1131 3802 erant
1180 3746 1214 3802 et
1236 3733 1403 3802 confundi.
1447 3734 1595 3823 Uterque
1629 3757 1725 3802 error
1756 3754 1900 3821 magnos
1932 3734 2093 3801 tumultus
2124 3734 2160 3799 in

145 3822 226 3887 iusti
247 3824 343 3907 primi
364 3824 530 3904 homines,
560 3823 637 3890 Dec
669 3824 872 3890 inhabitante
901 3824 934 3888 in
962 3823 1023 3902 eis,
1054 3844 1131 3888 cum
1179 3821 1345 3888 bominum
1378 3824 1544 3889 mentibus
1578 3824 1712 3889 excitat.
1763 3820 1903 3896 Quados
1935 3822 1968 3886 in
2001 3817 2160 3906 periculis

148 3908 279 3994 quidem
301 3929 418 3974 omnes
439 3913 608 3995 potentiae
629 3930 692 3976 suc
720 3911 837 3977 ordine
858 3907 934 3975 Deo
961 3910 1130 3996 obtempe·
1179 3929 1307 3987 sumus,
1340 3930 1425 3995 quaa
1447 3920 1608 3996 superant
1629 3909 1776 3976 humana
1797 3906 1950 3986 consilia,
1983 3918 2161 3974 moventur

147 4005 261 4060 rarent
294 3996 367 4060 sine
398 4008 550 4079 peccato.
600 3995 724 4063 Postea
755 4016 837 4064 vero
871 4016 946 4061 cum
978 3995 1129 4062 homines
1179 3993 1330 4061 homines
1353 3995 1553 4081 cogitatione
1582 4015 1758 4062 causarum
1790 3991 1999 4074 naturalium,
2034 4004 2070 4060 ut
2101 4014 2160 4079 pu·

147 4077 255 4146 liber-a
270 4078 448 4147 voluntate
474 4079 668 4148 deiecerunt
699 4104 721 4149 a
752 4086 876 4162 verbo,
908 4092 1130 4148 excusserunt
1179 4092 1248 4146 tent
1270 4077 1392 4146 malum
1410 4079 1651 4147 immedicabile
1669 4102 1759 4161 esse,
1783 4082 1859 4168 quia
1875 4092 1993 4146 natura
2016 4080 2066 4145 sic
2087 4076 2161 4147 vol·
2255 4148 2260 4154 ,

147 4164 258 4233 Deum
276 4165 471 4246 Rectorem,
499 4180 533 4234 et
555 4188 617 4234 coe
640 4179 738 4234 erunt
757 4170 791 4233 in
812 4180 923 4235 mente
945 4188 1023 4234 esse
1040 4179 1130 4233 tene·
1180 4177 1276 4233 eamr
1298 4168 1371 4233 sine
1391 4163 1479 4233 Deo.
1522 4168 1698 4233 Adversus
1733 4166 1795 4233 bas
1828 4158 2050 4232 dubitationes
2080 4185 2161 4231 con·

148 4254 241 4333 brae,
263 4254 297 4316 in
321 4254 422 4318 corde
444 4254 524 4341 suga
546 4265 579 4320 et
615 4256 749 4321 remitus
771 4257 936 4321 adversus
951 4253 1073 4335 Deum,
1097 4266 1130 4321 et
1179 4252 1361 4318 firmandae
1381 4266 1458 4318 sunt
1480 4265 1610 4319 mentes
1633 4255 1836 4341 cogitatione
1864 4272 1945 4318 vera
1967 4249 2096 4317 articuli
2117 4252 2161 4317 de

149 4360 272 4428 magna
295 4335 449 4405 confusio
471 4342 718 4427 appetitionum,
740 4360 815 4406 cum
838 4343 995 4409 desiisset
1016 4343 1087 4428 regi
1109 4362 1130 4405 a
1179 4337 1368 4416 creatione,
1391 4360 1434 4405 ac
1456 4342 1667 4406 statuendum
1692 4352 1754 4418 est,
1786 4357 1854 4404 oon
1877 4334 1985 4402 solum
2008 4337 2160 4402 conditae

149 4423 237 4493 Deo.
292 4425 425 4492 Rursus
458 4439 568 4492 tamen
600 4425 695 4493 Deus
735 4447 812 4493 aesc
850 4427 1009 4515 patefecit
1041 4428 1130 4493 edita
1180 4445 1258 4492 esse
1279 4432 1336 4490 res
1358 4447 1379 4491 a
1400 4424 1488 4506 Deo,
1521 4426 1705 4492 sedetiam
1725 4436 1887 4511 perpetuo
1911 4423 2106 4489 conservari
2127 4432 2162 4489 et

60 4512 63 4517 ’
148 4514 370 4597 promissione
398 4523 432 4577 et
460 4514 579 4578 additis
600 4534 691 4578 -mox
723 4513 914 4601 ingentibus
947 4511 1129 4593 miraculis,
1180 4513 1360 4577 sustentari
1381 4532 1403 4577 a
1423 4510 1499 4579 Dec
1516 4534 1627 4578 rerum
1649 4512 1869 4589 substantias,
1891 4510 2069 4596 quotannis
2090 4506 2161 4575 ioe-

149 4594 352 4666 allocutione
375 4596 563 4679 manisesta,
590 4599 813 4685 promissione
833 4602 1061 4667 restituendae
1082 4601 1130 4666 vi·
1179 4600 1302 4665 condat
1324 4597 1417 4665 Deus
1439 4611 1572 4679 terram,
1595 4609 1753 4686 procreat
1773 4596 1892 4683 fruges
1914 4616 1956 4662 ex
1978 4607 2081 4674 terra,
2103 4597 2162 4662 im·

23 4752 26 4759 ,
148 4695 215 4764 tae,
232 4696 266 4748 et
287 4688 373 4751 inter
394 4696 542 4751 terrores
564 4698 598 4750 et
618 4704 757 4751 sensum
778 4687 894 4752 mortis
914 4707 1005 4754 nove
1026 4686 1131 4754 vivifi·
1178 4684 1278 4771 partit
1308 4685 1411 4751 vitam
1442 4686 1642 4751 viventibus.
1691 4684 1785 4750 liaeo
1817 4702 1928 4748 rerum
1960 4682 2160 4749 sustentatio

22 4768 51 4810 '·
151 4772 294 4836 catione.
339 4770 463 4839 Postea
491 4772 634 4838 subinde
659 4792 751 4837 nova
782 4771 941 4839 miracula
973 4792 1130 4840 accesse-
1179 4786 1242 4838 seu
1264 4772 1480 4837 conservatio
1506 4771 1631 4838 usitata
1662 4767 1866 4858 apellatione
1897 4779 2038 4835 vacatur
2070 4767 2160 4833 aetio

149 4867 239 4934 runt,
265 4869 427 4924 renovata
449 4869 483 4924 et
503 4854 670 4924 illustrata
692 4871 744 4923 est
765 4859 930 4937 domnna,
964 4859 1130 4926 sacrificia
1178 4856 1245 4923 Dei
1267 4854 1446 4944 generalis,
1469 4877 1556 4944 quae
1576 4867 1687 4923 tamen
1710 4876 1777 4922 nou
1799 4858 1844 4922 ita
1858 4852 1976 4944 alligat
1992 4853 2066 4921 eum
2083 4873 2161 4921 cau·

150 4942 193 5007 de
216 4941 313 5009 coelo
334 4964 482 5011 accensa
503 4956 592 5010 sunt.
637 4943 778 5009 lleooch
799 4946 898 5011 vivos
931 4947 965 5011 in
998 4942 1129 5013 coelum
1180 4945 1229 5009 sis
1251 4944 1420 5023 monadis,
1443 4954 1480 5008 ut
1502 4940 1583 5009 nihil
1604 4940 1706 5011 saciat
1727 4940 1834 5021 aliter,
1856 4963 1956 5029 quam
1976 4951 2013 5007 ut
2037 4957 2160 5005 musae

151 5025 334 5094 translatus
367 5042 439 5110 est,
470 5041 591 5116 postea
623 5028 781 5097 diluvium
814 5040 968 5099 secutum
998 5043 1063 5111 est,
1096 5041 1131 5097 ct
1178 5028 1348 5098 secundae
1370 5030 1467 5097 cient
1510 5030 1579 5097 Sed
1600 5029 1696 5097 Deus
1718 5041 1772 5097 ast
1798 5027 2000 5095 liberrimum
2039 5043 2160 5117 agens,

150 5125 287 5180 emota
317 5111 440 5183 familia
472 5116 556 5185 Not.
600 5115 734 5193 Deinde
765 5129 881 5187 nauta
914 5128 968 5186 eat
995 5116 1129 5185 vocatio
1152 5127 1295 5187 taervat
1314 5115 1368 5183 sui
1389 5115 1685 5203 operisordinam,
1712 5126 1746 5184 et
1766 5127 1878 5184 tamen
1899 5110 2003 5182 multa
2024 5121 2162 5201 propter
2209 5164 2213 5169 .

305 5251 453 5296 namma.
466 5254 626 5300 cesama
639 5254 725 5297 xxm.
1952 5235 1989 5288 ⁸⁴
