4628 5588
22 892 40 933 lt

103 310 142 365 *v
226 362 241 375 ..

100 376 231 465 ef·

94 550 108 583 b
218 572 222 579 .

60 802 144 899 ts?

162 410 224 519 ni

286 620 315 725 g
479 562 556 647 DE
584 558 867 648 recussis.

462 784 574 890 Quid
603 798 667 869 est
695 756 898 871 Ecclesia?

216 938 246 981 '³⁴‘
269 964 428 1034 Ecclesia
447 965 586 1035 visibus
608 969 642 1033 u
663 968 729 1033 mc
749 934 834 1040 ua,
867 977 919 1031 est
946 979 1064 1032 coetus
1086 967 1163 1032 vst-

50 1086 115 1161 ⁵1..
148 1068 163 1095 ·“
182 1052 261 1123 bilis
282 1051 553 1140 amplectentium
582 1048 809 1138 incorruptam
835 1051 1010 1141 Evangelii
1040 1049 1162 1117 doctri·

43 1142 77 1187 '⁸'
92 1150 124 1223 :152
181 1162 277 1220 narn,
301 1154 334 1205 et
354 1153 447 1207 recte
469 1142 627 1207 utentium
651 1141 896 1220 sacramentis,
918 1142 951 1204 in
974 1140 1040 1226 qim
1063 1152 1163 1204 coetu

100 1222 127 1269 ‘d

182 1224 285 1294 Pilius
307 1226 372 1292 Dei
394 1225 515 1292 efficax
537 1239 602 1305 est,
624 1239 657 1293 et
679 1247 764 1293 voce
786 1226 962 1313 Evangelii
986 1224 1162 1319 etSpiritu

90 1294 153 1383 j
182 1325 302 1379 saneto
324 1310 448 1379 multos
470 1326 647 1398 regenerat
667 1314 711 1378 ad
733 1315 832 1377 vitam
855 1326 1033 1377 aeternam.
1078 1313 1162 1377 Sunt

10 1370 19 1473 l
49 1422 77 1469 ι
181 1411 294 1465 tamen
311 1399 346 1463 in
367 1420 409 1465 eo
432 1410 533 1464 coetu
552 1398 646 1465 multi
667 1419 736 1465 non
757 1401 885 1477 saneti,
907 1402 968 1464 sed
990 1411 1097 1464 tamen
1120 1399 1163 1463 de

182 1486 336 1551 doctrina
357 1485 618 1551 consentientes.

667 1636 677 1675 l

594 1812 756 1899 Contra

127 2112 131 2119 .
242 2038 414 2122 Articuli
444 2038 541 2123 fidei
571 2068 655 2122 non
684 2050 779 2123 aunt
808 2038 994 2121 visibiles.

241 2158 461 2243 Ecclesiam
492 2189 580 2243 esse
612 2173 687 2244 est¹
704 2159 893 2244 articulus
923 2158 1031 2241 fidei.

241 2279 349 2390 Ergo
380 2279 558 2364 Ecclesia
587 2311 670 2364 non
700 2293 764 2364 est
792 2279 967 2363 visibilia

163 2511 168 2519 ’
266 2493 335 2566 Res
360 2497 468 2561 ondeo
502 2496 544 2560 ad
574 2499 745 2563 maiorem.
789 2494 965 2574 Concedo,
1000 2495 1160 2562 articulos

179 2579 268 2660 fidei,
290 2518 419 2647 scilicet
437 2583 696 2666 propositiones,
717 2605 784 2649 non
807 2603 885 2648 esse
905 2579 1066 2659 visibiles,
1088 2603 1161 2663 seu,

177 2679 215 2734 nt
236 2680 289 2734 est
309 2669 431 2733 usitata
453 2669 597 2752 phrasis,
621 2666 838 2756 complexum
859 2690 927 2734 non
950 2681 1001 2733 est
1016 2668 1160 2748 visibile,

177 2765 288 2822 tamen
310 2756 461 2820 subiecta
493 2757 528 2820 in
556 2754 669 2822 multis
702 2757 987 2841 propositionibus
1016 2753 1159 2822 visibilia

178 2861 256 2906 csse
277 2861 421 2906 necesse
442 2853 504 2906 est.
547 2840 605 2921 Ut,
629 2864 703 2907 eum
727 2844 819 2908 dico:
848 2840 909 2910 Sol
930 2854 983 2906 est
1005 2854 1160 2906 creatura

54 2972 57 2979 ,
176 2924 252 2993 Dei.
295 2926 367 2992 Nos
395 2947 511 2993 snmus
539 2929 780 3008 resurrecturi,
814 2930 1059 3015 propositiones
1093 2927 1160 2994 lide

178 3014 395 3099 accipiuntur,
417 3014 477 3079 scd
500 3026 608 3079 tamen
631 3017 781 3079 subiecta
803 3028 880 3081 sunt
901 3013 1055 3083 visibilia.

265 3150 324 3238 Sic
346 3172 421 3216 cum
445 3152 577 3215 dieitur:
599 3151 757 3217 Ecclesia
778 3165 831 3217 est
851 3151 995 3238 populus
1018 3152 1102 3231 Dei,
1125 3153 1158 3217 in

167 3258 244 3323 >quo
266 3234 361 3301 Deus
384 3257 464 3301 vere
487 3235 617 3322 colligit
642 3251 792 3315 coetum,
826 3243 879 3304 cui
907 3241 964 3303 dat
991 3240 1158 3303 remissic-

176 3344 253 3387 nem
274 3333 501 3405 peccatorum,
524 3335 557 3387 et
574 3323 741 3402 iustitiam,
764 3344 805 3387 ac
820 3323 961 3388 salutem
979 3338 1156 3389 aeternam.

175 3408 270 3473 llaec
290 3410 474 3493 propositio
504 3421 555 3473 est
584 3407 742 3474 articulus
772 3408 864 3489 lidei,
898 3422 932 3474 et
960 3412 1157 3489 subiectum,

175 3495 210 3558 id
240 3505 307 3571 est,
341 3493 491 3560 homines
521 3494 761 3579 amplectentes
788 3494 1025 3582 Evangelium,
1047 3517 1158 3562 sensu

176 3593 421 3666 agnoscuntur,
455 3603 530 3646 cnm
553 3596 645 3646 certa
666 3584 765 3668 signa
792 3584 1014 3647 incurrentia
1038 3581 1156 3647 oculos

176 3677 209 3730 ct
231 3686 342 3746 aureS,
364 3687 449 3752 quae
472 3668 664 3732 discernunt
686 3690 746 3733 ecs
768 3672 811 3734 ab
833 3669 908 3734 aliis
929 3668 1126 3733 hominibus.

216 3856 222 3866 ,
261 3802 338 3868 Non
366 3804 467 3890 igitur
494 3805 537 3868 de
557 3802 714 3870 Ecclesia
735 3803 768 3872 lo
793 3808 916 3887 uimnr,
945 3817 982 3871 ut
1009 3808 1052 3872 dc
1079 3805 1157 3872 ldea

174 3884 362 3969 Platonica,
385 3891 445 3954 sed
467 3903 692 3957 monstramus
714 3828 915 3969 Ecblesiarm
937 3894 1029 3958 iuxta
1051 3892 1155 3957 dicta:

174 3972 239 4040 Dic
260 3972 444 4044 Ecclesiae.
489 3975 553 4041 llic
581 3997 723 4044 necesse
750 3994 802 4044 est
830 3977 966 4065 intelligi
995 3976 1157 4044 visibilem

175 4058 373 4127 Ecclesiam.
406 4063 514 4128 sltem:
544 4063 581 4129 ln
615 4084 746 4131 onmem
771 4077 894 4132 terram
923 4066 1023 4131 exivit
1050 4084 1156 4132 sonus

175 4167 301 4228 eorum,
324 4159 390 4217 etc.

243 4460 360 4564 Quae
390 4475 486 4545 sunt
515 4462 629 4574 signa
659 4464 861 4550 Ecclesiae
890 4468 1079 4579 proprisi

260 4660 366 4749 Signa
388 4680 456 4726 non
477 4659 613 4729 fallacia
634 4659 733 4727 simul
754 4662 839 4732 haec
861 4667 926 4732 tria
946 4678 1039 4734 sunt:

287 4747 310 4815 l.
355 4745 552 4814 consensus
585 4750 617 4812 in
652 4751 804 4815 doctrina
834 4749 1010 4840 Evangelii
1041 4752 1154 4831 incor-

398 4848 507 4919 rupta,
530 4834 658 4900 scilicet
680 4836 713 4899 in
733 4833 960 4904 fundamento.

274 4917 314 4983 ll.
356 4918 539 5007 Legitimos
560 4943 642 4987 usus
665 4923 965 4990 Sacramentomm.

259 5003 314 5074 lll.
357 5005 556 5073 obedientia
581 5008 766 5075 hlinisterio
792 5009 905 5076 debita
927 5011 1019 5079 luta
1044 5009 1155 5080 Evan-

398 5092 530 5181 galium.

858 159 895 229 ll
939 156 1131 228 mm
1149 149 1537 231 osnntmtnoltutt.

2153 168 2199 238 ω
2259 134 2264 141 .

1215 356 1287 441 An
1316 386 1481 442 necesse
1513 372 1591 463 est,
1622 359 1799 472 singulos
1819 360 2005 456 homines
2035 362 2196 453 salvan-

1335 497 1410 579 dos
1440 495 1527 579 fieri
1557 498 1666 581 cives
1696 525 1818 581 verae
1848 498 2076 583 Ecclesiae?
2264 482 2267 487 ’

1300 744 1515 832 Respondeo.
1546 745 1693 813 Prorsus
1711 768 1854 815 necesse
1873 760 1937 828 ast,
1960 747 2111 899 singulos
2129 751 2196 817 sal·

1214 834 1345 898 vandos
1366 836 1498 900 iunctos
1520 853 1598 899 esse
1621 856 1697 900 cnm
1719 855 1801 902 vera
1821 833 1989 916 Ecclesia,
2037 838 2090 918 de,
2115 858 2194 906 oon·

1213 919 1382 1001 sessione,
1408 922 1618 987 invocatione
1638 920 1721 1001 Dei,
1756 933 1789 987 ct
1815 921 1987 988 voluntate
2008 925 2197 991 servandae

1213 1005 1406 1158 acclesiae,
1445 1028 1507 1074 seu
1539 1009 1781 1074 coniunctionis
1818 1010 1852 1074 in
1885 1005 2061 1089 Ecclesia,
2102 1012 2195 1077 iuxta

1237 1095 1318 1158 ‘ctat

1301 1264 1331 1328 l.
1355 1261 1504 1331 Corinth.
1529 1268 1558 1330 l.
1602 1267 1680 1330 Non
1701 1268 1769 1330 sint
1789 1267 1961 1343 intervos
1982 1258 2202 1335 schismata'

1214 1349 1450 1501 νΜξῐὶίὶπειθοε
1478 1351 1529 1416 lt).
1573 1353 1649 1417 Non
1678 1352 1871 1418 deserentes
1899 1357 2193 1442 congregationem

1300 1520 1439 1587 Galatas
1463 1523 1493 1587 l.
1537 1523 1574 1589 st
1601 1524 1674 1610 quis
1707 1521 1798 1589 aliud
1829 1522 2049 1612 Evangelium
2083 1527 2193 1607 docet,

1213 1608 1391 1673 anathema
1413 1611 1467 1673 sit.

1299 1693 1435 1758 Psalmo
1457 1694 1511 1759 26.
1544 1692 1654 1760 Unum
1675 1697 1752 1781 petii
1774 1718 1795 1761 a
1817 1693 1974 1776 Domino,
1997 1697 2063 1762 hoc
2085 1698 2194 1783 requi·

1212 1799 1299 1858 ram,
1325 1792 1361 1844 ut
1387 1778 1567 1848 inhabitem
1592 1784 1626 1846 in
1655 1783 1752 1847 domo
1779 1779 1915 1847 Domini
1943 1786 2096 1849 omnihus
2125 1783 2194 1850 diess

1213 1867 1275 1931 bus
1298 1866 1385 1930 vitae
1406 1886 1512 1931 meae.
2098 1894 2101 1899 ·

1211 2036 1244 2102 D
1299 1949 1433 2017 Psalmo
1461 1951 1515 2018 83.
1559 1950 1653 2018 Beatt
1680 1954 1737 2038 qni
1764 1953 1915 2019 habitant
1947 1953 1982 2018 in
2010 1954 2109 2018 domo
2135 1966 2194 2022 tua

1245 2058 1364 2103 omine.

1298 2120 1431 2189 Psalmo
1448 2121 1502 2188 91.
1545 2122 1692 2189 Plantati
1712 2124 1746 2189 in
1764 2125 1863 2189 domo
1875 2123 2022 2206 Domini,
2043 2127 2078 2190 in
2099 2125 2192 2191 attila

1211 2210 1329 2275 domus
1351 2208 1416 2275 Dei
1437 2211 1555 2289 nostri,
1576 2210 1760 2290 florebunt,
1784 2222 1848 2276 ete.

1295 2292 1467 2363 Romanos
1488 2297 1521 2364 8.
1561 2295 1655 2370 Quos
1676 2298 1823 2378 vocavit,
1845 2294 1910 2361 bos
1933 2306 1967 2362 at
1988 2293 2102 2384 elegit,
2125 2309 2191 2366 etc.

1235 2660 1352 2766 Quae
1382 2691 1446 2746 rea
1477 2675 1571 2747 suit
1600 2662 1852 2783 necessariae
1880 2663 1935 2747 ad
1965 2663 2166 2747 unitatem

1585 2781 1814 2869 Ecclesiael

1296 3030 1491 3098 consensus
1512 3033 1546 3097 lu
1563 3030 1789 3112 fundamento,
1810 3012 1967 3098 videlicet
1982 3035 2015 3096 in'
2035 3033 2188 3100 doctrina

1209 3117 1380 3207 Evangelii
1396 3120 1600 3204 incorrupta,
1623 3130 1657 3184 et
1676 3119 1710 3183 in
1723 3139 1787 3184 usn
1802 3119 2091 3185 Sacramentorum
2105 3117 2187 3207 legl-

1208 3209 1285 3357 tignlp
1293 3253 1339 3358 ,mo
1332 3219 1364 3271 et
1387 3206 1574 3271 obedientia
1602 3206 1713 3270 debita
1734 3204 1938 3286 Ministerio,
1964 3208 2055 3271 iuxta
2076 3205 2172 3324 Evan
2243 3254 2246 3259 -

1208 3314 1231 3380 8
1276 3316 1296 3359 ¹¹
1866 3330 1872 3336 ’

1293 3463 1495 3530 Testimonia
1521 3459 1696 3527 manifesta
1721 3473 1799 3528 sunt
1821 3463 1862 3527 de
1892 3462 2045 3528 doctrina
2068 3462 2097 3528 l.
2122 3459 2187 3528 Go-
2253 3462 2258 3467 ’

1207 3551 1306 3615 rinth.
1323 3551 1357 3616 3.
1401 3550 1660 3613 Fundamentum
1682 3546 1772 3614 aliud
1794 3568 1890 3612 nemo
1913 3558 2024 3630 potest
2046 3568 2186 3633 ponere,
2216 3566 2226 3578 ·

1206 3649 1342 3722 praeter
1363 3637 1395 3701 id
1418 3636 1506 3721 quod
1528 3637 1672 3720 positum
1694 3647 1764 3712 est,
1788 3636 1875 3720 quod
1900 3646 1951 3697 est
1974 3634 2068 3698 lesus
2091 3633 2187 3699 Chri·

1207 3738 1291 3789 stus.
1334 3723 1416 3787 ltem
1449 3718 1558 3787 Galat.
1589 3722 1617 3787 1.
1668 3719 1705 3784 Si
1737 3722 1811 3805 quis
1844 3718 1936 3785 aliud
1962 3718 2186 3808 Evangelium

1207 3810 1317 3889 docet,
1340 3807 1518 3874 anathema
1539 3808 1593 3871 sit.
1896 3838 1900 3845 ·

1293 3980 1346 4046 De
1369 3978 1573 4056 obedientia,
1605 3978 1634 4040 1.
1658 3972 1806 4042 Corinth.
1831 3979 1860 4042 l.
1905 3977 1983 4042 Non
2010 3979 2076 4043 sint
2103 3978 2190 4043 inter

1206 4087 1269 4134 vos
1301 4067 1492 4131 schismata.
1536 4063 1579 4128 Et
1605 4061 1759 4129 Ebraeos
1791 4065 1859 4128 10..
1885 4065 1962 4130 Non
1992 4065 2187 4129 deserentes

1206 4153 1500 4239 congregationem
1524 4160 1683 4216 vestram.
1733 4149 1829 4216 ltemr
1869 4149 2011 4215 Obedite
2044 4148 2096 4213 his
2130 4149 2187 4233 qui

1205 4251 1363 4326 praesunt
1384 4238 1498 4317 vobis,
1527 4233 1657 4303 scilicet
1677 4237 1713 4301 in
1733 4235 1805 4316 his,
1834 4256 1921 4322 quae
1942 4246 2024 4301 sunt
2051 4234 2187 4319 propria

1205 4326 1378 4394 hlinisterii
1397 4324 1491 4390 iuxta
1510 4320 1742 4411 Evangelium.

1291 4497 1361 4564 Sed
1382 4491 1559 4559 similitudo
1581 4494 1717 4572 rituum
1745 4492 1802 4578 qni
1823 4501 1900 4555 sunt
1922 4491 1966 4555 ab
1996 4489 2185 4565 hominibus

1203 4583 1357 4662 instituti,
1390 4601 1600 4666 nequaqnam
1630 4578 1824 4644 necessaria
1856 4585 1926 4654 est,
1958 4575 2033 4642 ideo
2067 4587 2186 4642 contra

1203 4668 1472 4754 superstitionem
1498 4664 1603 4732 multa
1629 4663 1818 4729 testimonia
1843 4661 1964 4727 tradita
1986 4672 2075 4728 sunt.
2118 4659 2186 4729 Ro·

1203 4755 1402 4832 manos-14.
1445 4752 1598 4840 Regnum
1623 4751 1688 4818 Dei
1714 4769 1782 4815 non
1811 4760 1864 4813 cst
1895 4767 1978 4814 esca
2009 4758 2184 4833 et-potna,

1204 4843 1265 4906 sed
1287 4842 1423 4919 iustitia,
1444 4861 1510 4925 pax
1527 4852 1561 4904 et
1577 4838 1733 4925 gaudium
1747 4834 1818 4902 ms
1841 4835 1918 4901 lritu
1938 4845 2065 4900 sancta
2098 4832 2185 4898 Nam

1204 4928 1314 5013 quiin
1334 4925 1387 4991 his
1404 4923 1665 5003 aervltClrrlsto,
1709 4919 1798 4989 lacet
1814 4857 1903 5000 Euo,
1925 4932 1959 4986 et
1975 4942 1997 4986 a
2021 4920 2184 5006 probatu

1203 5027 1257 5080 est
1288 5014 1488 5078 hominibus.
1530 5008 1612 5076 item
1645 4943 1869 5076 (blasconam
1898 5009 1932 5073 2.
2009 5026 2084 5073 emo
2099 5002 2181 5071 tal·
2262 5077 2268 5084 ,

1167 5111 1171 5118 “
1204 5110 1261 5166 cet
1280 5118 1344 5166 voa
1364 5099 1400 5164 lo
1421 5099 1511 5177 cibo,
1531 5106 1626 5183 potu,
1648 5107 1713 5183 etc.

1544 5236 1547 5243 .
1655 5257 1661 5265 Ι
1942 5209 1979 5264 30
