4628 5588
778 85 893 194 run.-
912 124 1018 192 nnn.
1041 121 1228 193 semem
1245 117 1594 191 noonmnca‘
1723 105 1729 157 ῑ
1856 103 1877 204 f
2059 67 2209 191 -rra'

476 321 628 424 Quinta
668 323 799 406 Ratio·
893 338 927 365 ·=
1267 311 1421 379 Breviter
1451 313 1658 391 ostendimus
1688 311 1889 380 oblationem
1912 326 1946 380 et
1966 335 2009 398 ap
2031 312 2162 380 licatio·

899 391 909 413 ⁴
1181 418 1255 463 nem
1278 400 1311 462 iu
1334 399 1440 463 lllissa
1465 418 1617 487 pugnare
1640 414 1713 464 eum
1743 411 1814 464 tota
1835 400 1986 467 doctrina
2007 336 2163 488 Evange-

233 487 270 552 ln
292 486 358 568 hac
379 488 533 572 opinione
555 498 608 552 est
629 484 805 552 manifesta
828 499 862 552 et
873 482 1041 572 multiplex
1059 486 1128 552 ido·
1179 481 1214 548 lii
1242 485 1285 549 de
1318 482 1453 550 Christo
1487 487 1614 550 eteius
1638 482 1821 564 sacrificio,
1848 507 1922 552 cnm
1945 489 2097 554 doctrina
2119 488 2163 551 de
2210 490 2216 500 '

117 570 290 651 ·lolatria,
312 594 416 659 quare
439 571 516 638 talis
540 572 646 638 Missa
667 570 861 658 simpliciter
883 587 936 637 est
958 572 1128 636 abomina·
1181 572 1269 635 veris
1299 568 1445 635 cultibus
1475 585 1509 636 et
1531 572 1674 649 deiide,
1709 573 1785 636 item
1809 574 1982 639 adversari
2003 575 2108 640 verbo
2127 583 2162 638 et

147 660 212 738 tio,
245 680 266 723 a
288 679 354 743 qua
384 679 500 726 omnes
523 660 566 744 pii
589 658 773 725 abhorrere
796 661 936 739 debent,
966 660 1055 744 quod
1077 659 1127 724 sic
1179 657 1373 722 institutioni
1407 655 1547 720 Christi:
1581 659 1722 743 denique
1743 678 1810 722 non
1833 659 1966 726 dubium
1990 672 2039 726 est
2057 655 2163 724 idolo·

145 746 269 832 probo:
460 802 465 809 ,
824 768 829 780 ·
1179 739 1310 807 latriam
1328 743 1374 806 ibi
1392 744 1564 822 committi,
1589 765 1663 808 cum
1687 744 1906 809 Sacramenta
1928 756 2023 822 extra
2051 765 2161 825 usum,

1179 830 1223 893 ad
1245 849 1343 913 quent
1365 829 1514 913 instituta
1535 841 1625 907 sunt,
1659 850 1726 894 non
1748 831 1815 895 sint
1837 830 2065 911 Sacramenta,
2098 831 2162 896 sed

233 914 389 980 Primum.
433 914 626 980 Idololatria
649 928 702 981 est
724 917 897 982 instituere
925 913 1049 982 cultam
1072 937 1127 987 ex-
1180 916 1290 980 inania
1313 912 1518 997 spectacula.
1664 936 1667 941 ·
2118 946 2124 956 ·

147 1013 199 1067 tra
217 1003 375 1081 verbum,
410 1015 443 1065 et
465 1003 538 1067 sine
560 1005 664 1067 verbo
686 1002 770 1082 Dei,
804 1004 991 1089 etquidem
1016 999 1126 1081 talem,
1894 1012 1921 1071 ὀ

147 1089 204 1173 qui
226 1086 270 1150 sit
293 1085 401 1152 cultus
425 1108 467 1152 ex
484 1108 592 1173 opere
615 1101 766 1174 operato.
817 1087 852 1153 ld
877 1087 966 1152 clare
988 1101 1129 1154 testatur
1266 1083 1350 1150 Cum
1372 1085 1472 1170 igitur
1494 1097 1625 1152 constet
1638 1085 1842 1151 manifestam
1864 1088 2065 1172 impietatem
2081 1085 2160 1153 hae·

146 1172 212 1239 hoe
235 1175 374 1238 dictum:
397 1174 537 1239 Frustra
560 1166 672 1239 celant
694 1197 746 1240 me
764 1177 928 1239 mandatis
950 1172 1148 1240 hominum,
1179 1192 1253 1237 rere
1276 1172 1310 1234 in
1333 1169 1453 1236 talibus
1475 1171 1602 1252 Missis,
1624 1172 1817 1257 simpliciter
1840 1194 1957 1240 omnes
1978 1170 2058 1239 illae
2079 1172 2161 1238 blis-

108 1333 115 1343 .
146 1258 189 1324 Et
217 1258 405 1343 Prophetae
439 1271 561 1325 vocant
593 1258 812 1325 idololatriam
846 1260 1011 1333 sacrificia
1043 1281 1128 1346 quae
1179 1279 1238 1323 sae
1261 1259 1477 1323 sacerdotum·
1496 1255 1663 1325 tollendae
1686 1271 1719 1323 et
1735 1257 1923 1324 abolendae
1945 1272 2033 1325 sunt.
2067 1260 2161 1324 abti-

146 1343 274 1411 fieha'nt
306 1356 399 1410 extra
432 1348 570 1411 verbum
604 1360 638 1410 et
670 1349 859 1412 mandatum
892 1346 973 1425 Dei,
1014 1347 1126 1433 qualia
1180 1344 1318 1408 ciendus
1355 1355 1407 1407 est
1439 1342 1569 1423 Canon,
1603 1366 1702 1429 quem
1723 1357 1858 1424 vocant,
1886 1347 1919 1409 in
1949 1367 2016 1431 quo
2034 1347 2161 1430 apertis

41 1496 45 1503 ,
146 1442 242 1496 erant
262 1431 429 1496 sacrificia
452 1430 664 1498 excelsorum
682 1445 715 1497 et
736 1434 769 1497 in
792 1430 889 1512 lucis,
914 1428 1023 1497 cultus
1046 1434 1127 1498 vitu·
1178 1431 1292 1496 verbis
1316 1429 1353 1494 fit
1376 1427 1499 1496 oblatio
1522 1443 1555 1496 et
1575 1430 1755 1516 applicatio
1778 1452 1840 1515 pro
1861 1428 1950 1510 aliis,
1974 1446 2008 1496 et
2028 1432 2162 1507 additur
2278 1448 2285 1463 ·

145 1514 255 1581 lorum
291 1517 324 1581 in
358 1517 544 1596 Betharen,
575 1517 650 1583 item
679 1516 790 1584 cultas
824 1519 920 1585 aenei
952 1521 1126 1601 serpentis.
1178 1511 1392 1602 idololatrica
1423 1516 1590 1582 invocatio
1625 1529 1826 1582 sanctorum.
1893 1517 2041 1583 Econtra
2062 1538 2160 1583 revo-

146 1603 215 1670 sea
237 1600 322 1669 haec
344 1601 468 1668 oblatio
493 1616 526 1668 et
546 1603 726 1688 applicatio
737 1605 864 1670 lllissae
886 1616 939 1669 est
960 1602 1036 1669 talis
1058 1600 1127 1669 cnl-
1179 1602 1305 1685 candus
1328 1615 1382 1667 est
1404 1612 1437 1668 et
1454 1599 1819 1668 reddeudnsEcclesiis
1840 1624 1942 1668 verus
1965 1622 2047 1668 usus
2069 1604 2162 1669 iuxta

91 1708 101 1723 ²
147 1699 212 1769 tus,
247 1690 303 1775 qui
335 1709 403 1755 non
436 1691 539 1754 habet
561 1692 752 1756 mandatum
774 1689 851 1770 Dei,
886 1711 949 1755 nec
972 1691 1127 1755 convenit
1178 1688 1429 1767 institutionem,
1464 1687 1631 1766 videlicet,
1653 1690 1755 1754 ut‘sit
1778 1691 1962 1755 communis
1985 1709 2104 1768 coena,
2127 1690 2161 1753 in

146 1796 221 1841 cum
244 1774 446 1841 institutione
465 1775 602 1853 Christi,
623 1778 689 1842 imo
713 1774 869 1863 neglecto
891 1776 997 1842 verbo
1019 1788 1126 1840 hans·
1178 1795 1245 1861 qua
1268 1775 1474 1840 distribuitur
1496 1795 1619 1860 corpus
1641 1787 1675 1839 et
1695 1777 1834 1861 sanguis
1852 1775 2004 1854 Domini,
2023 1777 2094 1853 ‚ubi
2116 1776 2161 1860 pii

144 1857 251 1925 fertur
279 1864 468 1926 ceremonia
496 1862 528 1925 in
556 1882 654 1927 usum
677 1861 820 1928 alienum
841 1865 885 1928 ab
908 1863 1126 1929 institutione:
1178 1873 1355 1926 vescentes
1376 1861 1608 1939 admonentur,
1629 1871 1665 1926 ut
1686 1872 1834 1927 statuant
1854 1862 2053 1948 sibipignus
2075 1861 2161 1948 dari,

145 1945 239 2035 Ergo
260 1945 337 2012 talis
360 1948 467 2012 Missa
491 1967 571 2025 vare
594 1961 646 2013 est
667 1946 897 2017 idololatricus
920 1945 1042 2015 cultus.
1179 1948 1268 2033 quod
1292 1959 1431 2013 testetur
1452 1948 1546 2032 ipsos
1570 1967 1647 2012 esse
1670 1944 1796 2012 Christi
1818 1950 1977 2025 membra,
2001 1949 2044 2013 ad
2066 1949 2161 2032 ipsos
2225 2016 2233 2027 ,

1179 2055 1259 2098 vere
1292 2036 1459 2119 pertinere
1494 2034 1656 2100 beneficia
1677 2030 1812 2113 Christi,
1846 2035 2011 2120 sanguine
2033 2031 2158 2100 Christi

187 2156 193 2165 ·
233 2118 401 2185 Secundo.
446 2118 665 2185 Sacramenta
698 2132 792 2186 extm
824 2140 921 2185 usum
948 2141 969 2183 a
991 2117 1125 2185 Christo
1177 2120 1271 2207 ipsos
1292 2117 1429 2186 ablutos
1451 2138 1539 2184 esse.

145 2206 328 2270 institutum
361 2226 428 2270 non
461 2202 548 2270 sunt'
574 2205 806 2284 Sacramenta,
839 2208 917 2292 quia
946 2202 1021 2270 talis
1043 2225 1126 2270 usus

144 2310 212 2356 non
235 2287 337 2356 hahet
359 2293 511 2370 verbum,
544 2304 577 2356 et
598 2304 762 2378 repugnat
783 2292 988 2357 institutioni.
1033 2293 1127 2357 Sicut
1265 2289 1442 2356 Postremo
1465 2290 1669 2375 repudianda
1687 2301 1740 2356 est
1762 2291 1971 2377 imaginatio,
2003 2310 2089 2375 quae
2110 2287 2160 2357 le·

144 2397 234 2443 uuae
267 2375 484 2442 Circumcisio
507 2376 639 2442 ludaica
658 2391 715 2443 aut
738 2377 880 2443 Turcica
900 2397 968 2442 nou
991 2391 1044 2442 est
1066 2377 1125 2441 Sa·
1178 2378 1223 2440 cit
1244 2377 1422 2441 discrimen
1440 2379 1526 2442 lnter
1548 2398 1634 2463 opus
1657 2379 1848 2442 Sacerdotis
1871 2389 1904 2442 et
1926 2375 2040 2453 Laici,
2062 2378 2160 2463 quasi

145 2475 363 2539 crementum,
399 2475 433 2527 et
465 2463 553 2526 sicut
575 2484 662 2548 aqua
683 2463 838 2548 baptismi
860 2466 927 2529 nou
951 2475 1043 2530 essct
1065 2463 1126 2527 Sa·
1178 2464 1364 2529 sacerdotis
1386 2482 1472 2546 opus
1495 2462 1538 2526 sit
1548 2464 1727 2546 peculiaris
1747 2459 1864 2528 cultus
1879 2465 1912 2527 in
1924 2461 2079 2528 Ecclesia
2100 2484 2160 2530 ne·

62 2611 63 2615 ,
146 2559 364 2625 crumentum,
386 2551 415 2613 si
438 2545 657 2614 transferetur
679 2551 722 2614 ad
744 2545 830 2614 alios
852 2569 935 2615 usus
948 2551 1126 2616 eritrarer·¹
1178 2551 1359 2628 cassarius,
1383 2560 1417 2613 et
1438 2549 1495 2634 qui
1516 2568 1578 2633 pro
1600 2546 1674 2613 aliis
1693 2547 1769 2619 lieri
1789 2550 1926 2614 debeat:
1955 2548 2041 2622 Quia
2063 2546 2160 2614 Chri·

145 2635 224 2700 bum
246 2654 288 2698 ac
309 2634 557 2714 institutionem,
576 2637 665 2701 acsi
688 2632 957 2702 circumferretur
984 2638 1027 2701 ad
1050 2656 1125 2721 spe·
1178 2647 1251 2701 stus
1273 2657 1340 2700 non
1359 2630 1441 2701 facit
1463 2635 1653 2715 discrimen,
1674 2635 1736 2699 sed
1755 2632 1826 2701 vult
1846 2645 1884 2700 ut
1906 2636 1951 2699 sit
1973 2635 2160 2701 communis

145 2719 313 2799 ctandum,
335 2718 391 2786 vel
412 2722 456 2785 ad
478 2724 711 2808 aspergendos
733 2722 897 2787 homines.
941 2722 1010 2787 Ant
1039 2724 1126 2787 sicut
1180 2716 1301 2801 coena,
1336 2723 1392 2787 ubi
1425 2722 1567 2806 quisque
1599 2742 1684 2786 suae
1712 2719 1789 2787 fidei
1823 2720 2033 2787 exercendae
2054 2741 2161 2801 cansa

126 2804 303 2891 ‚Episcopi
326 2804 442 2872 lavant
464 2819 497 2872 et
520 2809 649 2895 tingunt
672 2805 779 2873 nolas.
823 2806 861 2874 ld
882 2805 1124 2894 spectaculum,
1177 2820 1290 2875 utatur
1311 2807 1546 2886 Sacramenta,
1569 2827 1643 2873 cum
1665 2808 1786 2893 inquitr
1817 2806 1972 2891 Accipite
1995 2807 2161 2873 comedite

144 2894 302 2978 quianon
314 2904 468 2959 servatur
489 2895 662 2973 institutio,
683 2916 752 2960 nou
770 2906 886 2978 potest
908 2894 973 2960 dici
994 2892 1126 2980 Baptis-
1178 2906 1242 2960 etc.
1306 2893 1380 2959 Etsi
1402 2895 1492 2978 quod
1514 2904 1567 2959 est
1598 2893 1795 2973 discrimen,
1828 2904 1954 2959 tentum
1986 2893 2160 2958 ministerii

144 2997 231 3058 mus,
254 2979 317 3044 sed
339 2991 391 3045 est
413 2976 525 3045 illusio
549 2992 581 3045 et
604 2979 804 3046 contumelia
828 2980 1047 3046 sacramenti.
1077 2980 1126 3046 lta
1178 2992 1245 3060 est,
1262 2981 1351 3066 quod
1369 2979 1538 3044 Sacerdos
1559 2992 1597 3045 ut
1618 2980 1768 3045 minister
1789 2978 1964 3045 Ecclesiae
1984 2976 2059 3044 aliis
2081 3000 2161 3063 por·

143 3061 262 3143 Missa,
295 3066 328 3128 in
357 3087 422 3151 qua
456 3064 494 3129 fit
515 3064 654 3146 oblatio,
677 3078 709 3131 et
731 3066 917 3152 applicatur
938 3065 1025 3145 aliis,
1057 3086 1125 3132 non
1178 3067 1273 3154 rigit,
1307 3067 1430 3132 caeteri
1462 3067 1640 3149 accipiunt.
1707 3065 1776 3131 Sed
1809 3068 1884 3149 ipsa
1911 3065 2101 3131 ceremonia
2127 3074 2161 3130 et

144 3162 260 3214 servat
282 3151 520 3217 institutionem
545 3151 680 3232 Christi,
701 3174 789 3238 quae
811 3154 901 3218 iubet
923 3173 989 3218 uon
1013 3151 1126 3218 offerri
1176 3173 1272 3231 usus,
1295 3153 1477 3218 communis
1500 3164 1554 3217 est
1575 3153 1634 3217 toti
1656 3149 1845 3230 Ecclesiae,
1867 3172 1888 3216 a
1909 3150 2046 3217 Cirristo
2068 3151 2158 3217 insti·

144 3256 208 3320 pro
236 3231 328 3315 aliis,
351 3237 411 3301 sed
433 3240 627 3303 manducari
649 3252 682 3304 et
701 3240 767 3303 hibi
791 3259 914 3323 corpus
937 3251 970 3304 et
992 3240 1126 3326 sangui·
1178 3250 1270 3304 tatus
1288 3252 1327 3307 et
1349 3239 1500 3304 traditus.
1517 3282 1525 3299 ,
1545 3236 1589 3303 Et
1609 3239 1772 3302 sacerdos
1791 3238 1939 3303 minister
1961 3248 2025 3317 est,
2042 3234 2162 3303 ach·

144 3341 221 3386 nem
242 3319 395 3402 Domini,
428 3326 489 3390 sed
511 3322 711 3390 transfertur
734 3326 777 3399 ad
799 3323 923 3392 cultum
940 3322 1082 3391 alienum
1105 3346 1127 3390 a
1178 3323 1303 3391 clasiae
1324 3326 1440 3404 servit,
1461 3344 1529 3389 uon
1550 3334 1589 3388 ut
1610 3323 1728 3389 ollerat
1749 3334 1975 3390 autvescatur
1984 3344 2047 3410 pro
2069 3321 2159 3402 aliis,

144 3408 259 3473 verbo.
657 3449 660 3453 -
1178 3412 1239 3477 sed
1260 3423 1299 3477 ut
1318 3412 1469 3498 porrigat
1486 3411 1639 3477 omuibus
1660 3412 1717 3497 qni
1739 3422 1865 3496 petunt.

229 3560 321 3664 Ergo
342 3577 428 3645 haec
450 3583 552 3646 missa
575 3603 641 3647 non
664 3594 716 3647 est
738 3582 1001 3662 Sacramentum,
1022 3599 1127 3668 quare

54 3703 59 3711 -
144 3663 257 3772 palam
280 3679 351 3744 est,
385 3663 817 3773 horribilemidololatriam
840 3670 1015 3748 committi,
1050 3688 1125 3733 curn
1177 3699 1429 3769 RESPONSIO
1465 3701 1529 3768 AD
1563 3698 1862 3774 ARGUMENTA,
1898 3700 2022 3774 QUAE
2054 3699 2160 3771 0311..

144 3771 206 3836 pro
231 3755 462 3832 Sacramenta,
483 3756 540 3818 uhr
563 3754 823 3820 distribuendum
847 3766 919 3819 erat
947 3775 1069 3840 corpus
1094 3765 1126 3819 et

145 3838 285 3923 sanguis
313 3836 466 3918 Domini,
499 3842 695 3924 proponitur
716 3840 823 3904 Missa
845 3842 1031 3924 sacerdotis
1052 3854 1125 3905 tan·
1285 3819 1482 3888 G'UNTUR
1503 3819 1567 3887 DE
1597 3819 1847 3889 SACRfflClO
1876 3820 2051 3888 MSS-41⁴3·
2187 3908 2193 3922 ,

145 3943 244 4009 quam
264 3943 364 4010 opus,
397 3925 486 4010 quod
519 3939 684 3992 mereatur
713 3927 942 3991 remissionem
969 3939 1126 4011 peccato·
1973 3959 1981 3975 ·
2124 3951 2135 3964 ·

133 4014 234 4088 rum,
267 4010 345 4076 item
378 4013 485 4097 prosit
517 4013 614 4076 ctiam
647 4013 806 4090 mortuis,
836 4014 879 4077 ad
913 4012 1124 4077 redimendus
1483 4050 1549 4134 P·
1652 4049 1733 4136 Ob·
1805 4051 1813 4069 ·

38 4138 41 4143 -
145 4114 276 4179 poenas
297 4098 491 4183 purgatorii.
547 4097 640 4164 llaec
662 4110 740 4163 sunt
762 4098 935 4164 mendacia
956 4100 1126 4183 impuden·
1518 4079 1620 4134 mna
1721 4062 1852 4133 ¹⁹⁰¹³¹⁰⁶

145 4193 198 4246 ter
219 4182 364 4248 conficta
398 4186 441 4249 ab
464 4180 650 4248 idololatris
674 4197 709 4250 et
735 4184 843 4268 impiis
865 4183 1063 4250 sacrificulis
1085 4205 1126 4250 ac

104 4288 107 4293 ·
144 4265 332 4349 lllonechis,
355 4271 411 4357 qui
432 4271 676 4336 sanctissimam
693 4273 912 4338 ceremoniam
921 4268 1075 4358 polluunt
1086 4291 1128 4334 ac
1265 4264 1359 4335 Sicut
1380 4271 1414 4334 in
1431 4265 1508 4355 lege
1524 4278 1620 4333 erant
1642 4268 1834 4353 quotidiana
1855 4265 2040 4347 sacrificia,
2073 4286 2161 4370 quae

145 4351 351 4421 transferunt
371 4357 414 4420 ad
437 4355 643 4421 manilestam
665 4355 899 4437 idololatriam,
921 4379 963 4422 ac
986 4359 1016 4421 ei
1032 4377 1128 4442 prae·
1150 4410 1156 4457 Ι
1178 4356 1304 4421 fiebant
1325 4377 1386 4441 pro
1409 4351 1500 4434 aliis,
1534 4352 1634 4439 quale
1662 4366 1734 4419 erat
1756 4355 1845 4440 quod
1872 4356 2060 4419 vocabatur
2080 4374 2162 4441 ruge

145 4450 261 4505 texunt
283 4462 403 4507 nomen
422 4443 640 4522 Sacramenti,
663 4457 696 4508 et
718 4444 782 4508 hos
804 4440 1035 4510 idololatricos
1057 4440 1127 4509 cul·
1178 4441 1385 4508 Sacrificium
1418 4454 1483 4508 etc.
1528 4439 1576 4505 lta
1610 4442 1644 4506 in
1672 4461 1762 4506 novo
1784 4439 2002 4505 Testameirto‘
2025 4450 2160 4525 oportet

145 4536 200 4592 tus
223 4523 403 4594 defendunt
424 4540 563 4614 propter
585 4542 771 4614 quaestum.
1178 4548 1257 4593 esse
1290 4525 1359 4594 tale
1391 4528 1617 4612 quotidianum
1640 4547 1702 4593 seu
1722 4527 1800 4615 iuge
1823 4526 2035 4601 sacrificium,
2068 4526 2161 4611 quod

1179 4613 1336 4680 offeratur
1356 4634 1417 4698 pro
1430 4611 1591 4679 Ecclesia.
1615 4612 1689 4679 lloc
1711 4614 1937 4698 quotidianum
1959 4610 2171 4678 sacrificium

231 4696 302 4765 Has
323 4696 586 4766 abominationes
601 4701 702 4779 ¹etiarn
715 4701 864 4786 cogitare
881 4697 1041 4766 horribile
1063 4712 1127 4780 est,
1178 4714 1232 4766 est
1259 4701 1377 4766 Missa.
1442 4699 1484 4766 Et
1503 4700 1583 4766 huc
1613 4697 1780 4786 allegatur
1800 4696 1898 4765 locus
1920 4695 2094 4783 Epistulae
2115 4699 2160 4763 ad

145 4804 251 4870 quare
274 4806 389 4850 omnes
412 4789 458 4870 pii
478 4784 565 4850 hanc
587 4785 883 4872 prophanationem
904 4789 983 4852 totis
1009 4788 1127 4852 animis
1178 4787 1329 4852 Ehraeos
1351 4785 1383 4850 5.
1427 4786 1544 4851 Omnis
1567 4786 1721 4851 Pontifex
1744 4805 1786 4851 ex
1809 4785 1998 4851 hominibus
2029 4804 2159 4850 assum-

146 4872 295 4936 execrari
328 4871 462 4936 debent.
526 4872 598 4938 Nec
631 4885 682 4938 est
704 4874 856 4952 dubium,
889 4874 1127 4959 quiapropter
1175 4885 1268 4960 ptus,
1316 4893 1353 4938 ro
1375 4870 1563 4939 hominibus
1588 4872 1810 4952 constituitur,
1844 4873 1875 4936 in
1899 4870 1952 4935 his
1974 4891 2060 4955 quae
2082 4880 2160 4936 sunt

146 4968 259 5023 tantas
293 4955 577 5044 prophanationes
610 4957 705 5025 Deus
733 4956 939 5025 horribiliter
959 4961 1127 5026 irascatur
1177 4960 1265 5044 apud
1323 4980 1416 5039 euru,
1443 4971 1484 5028 ut,
1501 4957 1621 5024 olierat
1642 4959 1730 5023 dona
1752 4971 1786 5023 et
1806 4957 1975 5033 sacrilicia
1996 4976 2058 5042 pro
2081 4977 2159 5040 pec·
2238 4948 2242 4955 ’
2278 5002 2286 5013 ·

146 5054 180 5106 et
200 5045 313 5128 puniat
334 5045 499 5110 mundum.
936 5069 939 5075 ·
1178 5048 1263 5112 catis
1285 5059 1352 5113 etc.
1417 5044 1504 5111 lline
1525 5045 1764 5112 ratiocinantur
1785 5044 1984 5110 adversarii:
2013 5041 2097 5109 Cum
2124 5044 2159 5108 in
2212 5076 2227 5085 -·
