4628 5588
102 188 215 269 ,115
502 231 506 250 ,
623 146 639 268 ’,
755 172 891 259 *rum
913 137 1230 271 pransorium
1250 189 1531 260 noeuuuca,
1579 170 1642 208 ”
2012 189 2019 199 ·
2097 192 2161 261 uo

52 382 61 392 ”
149 379 310 442 Baalitico.
357 381 469 456 Quare,
493 381 543 460 qui
566 382 676 441 servati
698 389 781 450 sunt,
806 402 866 462 quo
889 384 989 443 minus
1012 382 1070 443 has
1091 383 1264 463 impietates
1283 382 1374 443 corde
1396 403 1455 443 suo
1478 383 1685 453 adoraverint,
1711 381 1741 442 hi
1765 392 1846 443 certe
1866 382 2159 458 divinaclementia,
2208 425 2212 433 -

149 486 204 548 per
215 468 415 529 domesticum
429 467 656 540 catechismum,
680 470 730 547 qui
744 470 848 548 pueris
866 490 961 548 purus
980 489 1016 528 ac
1038 469 1169 549 simplex
1192 470 1275 530 initio
1294 466 1476 537 tradebatur,
1496 470 1607 530 servati
1627 476 1709 540 sunt,
1731 476 1765 531 ut
1781 468 1832 529 hic
1848 467 2066 542 catechismus,
2085 473 2160 550 opti·

149 575 198 616 nro
222 555 296 625 iure,
331 555 430 614 avita
452 564 558 616 nostra
575 553 681 633 religio
701 554 850 615 dicendus
869 556 919 617 sit.
964 555 1005 617 Et
1024 576 1120 616 omne.
1135 576 1214 615 nunc
1235 555 1368 616 shrdium
1391 562 1527 616 nostrum
1546 558 1576 615 in
1599 554 1659 616 hoc
1681 554 1781 616 solum
1805 555 1987 627 collocatur,
2010 563 2044 617 ut
2066 555 2160 617 homi·
2228 559 2238 570 '

148 660 206 701 nes
223 659 278 720 per
295 648 468 702 renovatam
486 640 645 720 Evangelii
668 640 833 702 doctrinam
855 649 1033 702 revocentur
1054 642 1179 702 adeam
1200 640 1388 722 religionem,
1411 661 1500 723 quam
1528 642 1660 702 maiores
1688 643 1782 703 rrastri
1805 643 1843 703 ab
1862 640 2012 722 apostolis
2034 663 2159 722 accepe-

148 734 228 798 runt,
246 733 277 787 et
299 728 388 788 nohis
407 727 488 787 domi
510 726 789 799 tradidemnt,··hoc
812 734 871 799 est,
889 734 934 799 ut,
967 727 1218 808 quemadmodum
1247 727 1396 808 propheta
1427 729 1487 796 ait,
1528 749 1580 789 cor
1609 728 1736 789 liliorum
1765 732 1955 790 convertatur
1986 728 2025 789 ad
2057 736 2160 809 patres
2234 751 2239 762 ·

45 877 47 881 ,
148 814 294 895 ipsorum.
316 812 384 872 Nec
397 812 479 873 aliud
498 821 623 873 conatur
635 813 734 873 Satan
748 833 802 893 per
823 815 934 895 impios
953 813 1120 875 Pontifices
1132 819 1163 874 et
1179 821 1336 895 tyrannos,
1355 814 1406 893 qui
1418 811 1607 893 Evangelion
1630 822 1862 895 persequuntur,
1882 834 1970 894 quarn
1994 823 2028 876 ut
2050 835 2159 877 rursus
2243 850 2247 858 ·

148 897 229 960 bunc
251 899 469 961 catechismum
488 901 517 959 iu
536 899 670 960 ecclesia
692 899 848 962 obscuret.
889 899 988 960 Multa
1009 901 1131 979 quidem
1149 900 1210 960 alia
1230 907 1312 971 sunt,
1330 918 1409 980 quae
1431 901 1514 980 impii
1533 907 1711 979 praetexunt
1732 902 1949 981 persecutioni,
1971 908 2005 962 ut
2027 903 2160 980 ingenio·

149 1005 207 1047 sus
225 985 333 1046 artifex
356 993 407 1046 est
425 985 530 1057 Satan,
553 986 591 1046 ad
610 986 882 1064 transfigurandum
894 1006 930 1047 se
943 987 971 1045 in
995 985 1136 1066 angelum
1157 985 1248 1049 lucis.
1294 987 1358 1047 Sed
1381 984 1453 1046 mihi
1477 986 1577 1057 trede,
1595 985 1655 1047 hoc
1672 994 1774 1066 agunt,
1798 994 1831 1048 ut
1849 985 2078 1059 catechismum,
2100 987 2161 1048 lroc

148 1079 208 1143 est,
227 1070 417 1151 decalogum,
440 1071 614 1153 symbolum
638 1072 855 1152 apostolomm,
879 1078 911 1134 et
929 1073 1094 1133 orationem
1114 1072 1294 1133 dominicam
1316 1094 1335 1133 e
1356 1072 1457 1133 medio
1480 1072 1596 1137 tollant.
1663 1071 1696 1134 ln
1728 1073 1880 1153 decalogo
1903 1073 2048 1134 docemur
2068 1094 2160 1153 agno·

48 1164 55 1181 ·
148 1177 237 1218 scere
254 1166 423 1238 peccatum,
446 1165 477 1219 et
499 1160 719 1239 corruptionem
743 1167 888 1220 nostram.
922 1159 965 1218 At
982 1161 1033 1237 qui
1053 1159 1286 1220 docentmerito
1306 1158 1437 1219 humana
1455 1161 1576 1240 expiare
1598 1167 1766 1239 peccatum,
1784 1169 1816 1222 et
1838 1161 1918 1221 vires
1937 1159 2085 1225 humanas
2107 1161 2159 1221 im·

147 1243 232 1325 plere
249 1265 346 1324 posse
363 1243 465 1324 legem
488 1244 564 1313 Dei,
584 1244 615 1304 hi
633 1245 809 1324 gravitatem
832 1245 950 1325 peccati
969 1246 1140 1307 obscurant
1186 1244 1311 1305 Tollunt
1331 1245 1422 1324 igitur
1443 1245 1641 1324 decalogum,
1666 1247 1786 1307 etiamsi
1810 1247 1903 1306 verba
1924 1247 1993 1325 ipsa
2016 1245 2160 1306 inviolata

148 1330 332 1410 relinquant,
371 1328 403 1390 ln
423 1330 572 1410 Symbolo
595 1330 801 1412 apostolorum
825 1332 925 1392 credis
944 1332 972 1391 in
985 1329 1153 1407 ,Christum
1174 1352 1228 1412 pro
1246 1338 1277 1391 te
1299 1350 1426 1411 passum
1448 1340 1481 1392 et
1498 1338 1656 1402 mortuum,
1678 1340 1801 1413 propter
1818 1352 1909 1412 quern
1931 1331 2047 1393 babeas
2058 1331 2159 1393 Deum

148 1424 275 1496 patrem,
297 1415 459 1497 placatum,
483 1423 514 1477 et
531 1419 730 1478 remittentem
753 1424 890 1498 peccata.
933 1415 966 1476 ln
990 1419 1123 1479 oratione
1142 1418 1291 1478 dominica
1309 1419 1432 1478 invocas
1453 1416 1565 1487 Deum,
1588 1424 1719 1497 patrem,
1738 1426 1769 1478 et
1790 1420 1870 1498 petis
1893 1438 1947 1498 per
1969 1417 2158 1478 clementiam

147 1504 243 1582 patris
267 1504 296 1562 in
316 1502 377 1563 filio
401 1503 564 1565 exhibitam
588 1503 756 1565 debitorum
780 1505 1001 1564 remissionem.
1048 1505 1091 1565 Ar
1113 1505 1164 1582 qui
1183 1504 1294 1564 docent
1315 1510 1346 1563 et
1367 1511 1487 1581 urgent,
1507 1503 1588 1583 quod
1607 1510 1823 1585 persecutores
1845 1503 2005 1584 Evangelii
2034 1504 2158 1576 iaciunt,

117 1616 130 1632 s
146 1586 248 1650 Deum
267 1590 421 1650 remittere
439 1599 574 1670 peccata,
598 1610 656 1649 non
680 1596 806 1670 propter·
823 1586 978 1650 Christum
1004 1587 1095 1650 lilium
1115 1610 1215 1660 suum,
1238 1589 1415 1669 perfidem,
1438 1590 1496 1650 sed
1519 1597 1640 1670 propter
1656 1592 1762 1651 merita
1779 1596 1947 1651 nostroium
1966 1610 2108 1670 operum,
2127 1589 2158 1650 hi

147 1687 206 1735 nec
226 1673 327 1735 Deum
346 1682 471 1755 patrem,
491 1697 548 1737 nec
572 1675 664 1735 lilium
688 1677 757 1735 eius
777 1695 848 1735 vere
870 1695 1039 1756 agnoscere
1051 1676 1171 1747 docent,
1194 1674 1336 1754 ideoque,
1356 1683 1499 1755 quantum
1522 1678 1551 1736 in
1575 1677 1652 1755 ipsis
1674 1684 1733 1747 est,
1756 1676 1889 1748 abolent,
1912 1670 2158 1755 tamsymbolum

148 1759 367 1841 apostolorum,
390 1779 480 1840 quam
504 1762 669 1822 orationem
688 1762 877 1824 dominicam.
923 1762 1022 1836 Quare
1046 1782 1115 1824 curn
1140 1760 1281 1822 defendis
1300 1782 1368 1822 eam
1390 1762 1553 1823 doctrinam
1575 1760 1746 1840 Evangelii,
1769 1783 1859 1842 quarn
1881 1760 2077 1824 DOllllNUS
2100 1760 2159 1822 boc

147 1853 282 1926 tempore
305 1846 458 1907 ecclesiae
482 1867 558 1907 suae
582 1846 747 1909 clementer
764 1848 907 1920 restituit,
944 1848 1022 1908 scito
1045 1854 1076 1908 te
1099 1847 1138 1908 ad
1160 1848 1350 1908 retinendum
1372 1838 1562 1926 decalogum,
1596 1847 1776 1928 Symbolum
1796 1849 2015 1929 apostolorum,
2046 1854 2077 1908 et
2095 1866 2158 1908 ora·

146 1933 261 1994 tionem
285 1933 476 2005 dominicam,
496 1955 549 2013 pro
572 1954 644 1994 vera
664 1934 761 2014 patria
782 1933 938 2013 religione,
958 1953 994 1993 ac
1017 1932 1146 1994 coelesti
1164 1932 1265 1995 salute
1287 1940 1430 2013 pugnare.
1475 1931 1544 1993 Non
1557 1934 1673 2014 pudeat
1695 1941 1795 1995 autem
1814 1955 1871 1995 nos
1894 1935 1985 2005 omni,
2004 1954 2064 2013 quo
2088 1953 2158 2014 pos·

147 2038 267 2090 sumus,
291 2019 394 2080 studio
416 2039 529 2100 pueros
551 2018 608 2079 hac
632 2018 788 2081 catechesi
807 2019 933 2080 erudire.
979 2018 1067 2080 l'lato
1089 2020 1164 2080 dicit
1190 2017 1242 2083 τὸν
1266 2021 1319 2097 τῆς
1340 2018 1481 2092 παιδείας
1502 2018 1680 2099 ἐπιμελητήν
1696 2029 1771 2080 e'sse
1787 2023 1950 2083 maximum
1972 2040 2157 2100 summorum

79 2106 88 2120 ‘
147 2104 177 2165 in
202 2106 324 2166 civitate
347 2106 563 2184 magistratum.
608 2103 650 2165 Et
666 2105 763 2165 addit:
792 2102 902 2178 παντὸς
923 2102 979 2188 γὰρ
1002 2102 1039 2182 dri
1063 2102 1190 2188 potorii
1211 2103 1316 2190 πρώτη
1337 2103 1452 2188 βλάστη
1474 2107 1573 2178 καλῶς
1590 2104 1781 2190 ὁρμηθεῖσα,
1810 2106 1886 2193 πρὸς
1907 2103 2015 2191 doctrin
2035 2108 2086 2182 τῆς
2103 2103 2157 2167 ori-

32 2250 43 2259 ,
146 2192 201 2253 rori
216 2190 349 2274 φύσεως,
368 2188 527 2275 κυριοτάτη
547 2196 629 2264 τέλος
646 2196 800 2254 ἐπιθεῖναι
826 2189 859 2253 rd
877 2191 1057 2275 πρόςφαρον.
1118 2189 1250 2252 Nostrae
1281 2190 1386 2251 literae
1404 2197 1552 2253 testantur
1574 2191 1701 2270 angelos
1724 2212 1800 2253 esse
1819 2192 1966 2254 custodes
1989 2202 2157 2272 puerorum.

56 2319 58 2323 r
141 2277 239 2352 ,Quod
262 2278 291 2335 si
310 2277 409 2355 angeli
432 2277 568 2337 serviunt
589 2279 703 2357 pueris,
727 2283 839 2356 quanto
862 2279 959 2356 magis
982 2296 1039 2336 nos
1062 2277 1210 2337 debemus
1232 2278 1279 2337 eis
1298 2296 1366 2336 curn
1390 2277 1470 2336 omni
1494 2277 1657 2337 officiorum
1679 2297 1800 2357 genere,
1824 2287 1886 2341 tum
1908 2280 2070 2359 praecipue
2094 2299 2159 2337 ern·

147 2361 262 2422 ditione
275 2350 408 2442 ’pietatis
430 2363 554 2424 servire.
599 2362 849 2441 Horum,·inquit‚
869 2370 919 2423 est
937 2369 1060 2441 regnum
1083 2361 1244 2423 coelorum.
1290 2361 1427 2423 Pertinet
1448 2363 1538 2442 igitur
1560 2367 1597 2423 ad
1620 2366 1707 2443 ipsos
1726 2364 1873 2426 coelestis
1896 2366 2041 2435 doctrina,
2066 2383 2155 2442 quarn

77 2494 83 2499 .
125 2461 216 2508 'cum
240 2446 289 2508 hic
311 2447 437 2509 libellus
460 2447 549 2507 docte
571 2454 603 2508 et
624 2450 675 2530 pie
698 2448 840 2527 explicet,
863 2447 1044 2533 ἀμφοτέραις
1065 2453 1170 2533 χερσὶν
1196 2449 1234 2508 ab
1263 2450 1403 2510 omnibus
1424 2449 1547 2528 pietatis
1565 2449 1717 2511 studiosis
1740 2451 1957 2532 excipiendus,
1981 2450 2072 2512 etad
2096 2469 2157 2510 ma·

148 2552 219 2594 num
240 2554 364 2615 semper
386 2532 545 2595 habendus
569 2540 627 2596 est.
671 2532 761 2595 Vale.
2151 2532 2155 2543 ’

304 2724 331 2785 2.
352 2720 622 2870 tlbelallbltinis
649 2720 797 2870 ppaesatio
819 2719 897 2787 libro
919 2741 977 2783 suo
1000 2723 1029 2782 in
1050 2719 1194 2784 Editione
1216 2719 1444 2802 Witebergensi
1466 2742 1492 2783 a
1519 2726 1740 2786 1540-1543.
1770 2723 1902 2806 praelixa
1923 2731 1955 2786 et
1976 2724 2005 2784 in
2028 2742 2157 2804 sequen·

398 2830 437 2869 us
510 2831 519 2869 r
546 2857 553 2871 .
576 2829 649 2890 repe
664 2831 672 2868 r
689 2829 715 2879 a,
1613 2846 1616 2851 -

717 3181 925 3265 Philippus
959 3182 1192 3247 Melantbon
1220 3183 1284 3264 pio
1311 3181 1471 3245 Lectori
1497 3181 1530 3243 S.
1549 3181 1590 3246 D.

355 3369 476 3433 Utinam
511 3368 704 3453 Typographi
739 3374 768 3432 in
803 3371 976 3453 deligendis
1010 3373 1160 3442 materiis,
1195 3390 1272 3451 quas
1306 3369 1416 3441 edunt,
1449 3368 1661 3449 diligentiores
1684 3377 1806 3440 essent,
1830 3388 1867 3428 ac
1889 3389 1947 3430 non
1970 3374 2085 3430 tautum
2108 3370 2158 3430 sui

149 3457 329 3537 compendii,
351 3458 411 3519 sed
433 3459 522 3519 etiam
541 3457 682 3539 publicae
703 3458 846 3520 utilitatis
869 3461 1014 3520 rationem
1033 3458 1187 3527 haberent,
1210 3458 1389 3538 praesertim
1412 3459 1441 3516 in
1465 3456 1593 3518 edendis
1617 3452 1739 3537 scriptis
1759 3456 1797 3515 de
1816 3455 1950 3516 doctrina
1972 3451 2156 3517 Christiana

104 3561 108 3570 ·
146 3542 259 3606 Extant
291 3545 417 3606 aliorum
440 3544 550 3617 libelli,
585 3546 637 3624 qui
660 3543 739 3604 haec
761 3545 912 3606 elementa
936 3546 1061 3626 pietatis
1083 3546 1247 3615 continent,
1283 3563 1361 3624 quae
1394 3543 1480 3602 initio
1513 3544 1619 3622 pueris
1642 3548 1852 3622 proponuntur
1874 3543 1903 3601 in
1927 3537 2103 3616 Catechesi,
2127 3553 2160 3603 ut

147 3630 239 3711 vulgo
262 3638 383 3694 vocant.
429 3627 506 3691 Cum
529 3640 629 3692 autem
652 3632 759 3712 prosit,
780 3652 894 3713 pueros
918 3633 957 3693 ad
980 3652 1080 3702 unam,
1105 3629 1275 3711 simplicem
1298 3636 1329 3690 et
1351 3626 1482 3689 similem
1497 3628 1650 3688 doctrinae
1677 3627 1801 3687 sormam
1830 3627 2002 3699 adsuefieri,
2022 3635 2158 3709 optarem

21 3754 26 3763 ι
148 3735 187 3776 ex
210 3714 273 3775 illis
296 3717 409 3778 libellis
433 3737 503 3778 eum
526 3723 640 3779 tantum
662 3720 777 3778 versari
801 3720 830 3779 in
853 3721 994 3780 manibus
1016 3718 1192 3789 iuventutis,
1216 3719 1267 3798 qui
1290 3723 1340 3777 est
1362 3704 1545 3794 locupletior
1567 3715 1705 3775 caeteris.
1749 3713 1838 3775 Nunc
1860 3713 1992 3775 subinde
2015 3713 2064 3774 alii
2088 3716 2159 3776 novi

147 3807 322 3873 nascuntur,
345 3823 403 3863 non
416 3804 542 3883 perinde
565 3804 716 3865 foeliciter
737 3807 852 3886 scripti.
875 3805 964 3866 Hunc
981 3825 1052 3866 vero
1076 3802 1223 3874 libellum,
1243 3803 1293 3881 qui
1312 3801 1371 3861 mei
1394 3801 1525 3860 nonrinis
1548 3800 1636 3861 titulo
1660 3801 1763 3862 editus
1793 3808 1859 3873 est,
1892 3820 2020 3880 prorsus
2044 3799 2158 3861 nollem

147 3907 225 3948 esse
241 3888 440 3967 pulrlicatum.
473 3890 543 3950 Etsi
568 3892 646 3950 enim
669 3893 747 3952 iuter
765 3891 979 3953 Scholasticos
1003 3890 1152 3971 quaedam
1175 3889 1214 3950 de
1236 3887 1288 3951 his
1312 3886 1474 3948 elementis
1496 3887 1620 3967 pietatis
1646 3885 1709 3946 lere
1739 3888 1769 3965 in
1794 3886 1872 3948 hanc
1894 3888 2076 3947 sententiam
2095 3886 2157 3947 dis·

148 3975 243 4046 serui,
266 3981 366 4035 tamen
390 3995 448 4035 nec
466 3978 575 4056 scripsi
599 3978 667 4057 ipsa
689 3984 784 4040 totum
806 3977 955 4049 libellum,
978 3998 1035 4037 nec
1057 3977 1229 4056 recognovi.
1274 3972 1316 4035 Et
1334 3974 1483 4054 quaedam
1507 3972 1691 4042 dictasunt,
1715 3992 1794 4053 quae
1810 3979 1977 4054 congruunt
1999 3972 2037 4032 ad
2056 3973 2158 4033 iuven·

146 4065 253 4132 tute'm,
278 4080 357 4141 quae
380 4062 409 4121 in
431 4062 491 4142 piis
514 4062 670 4123 Ecclesiis
693 4072 840 4136 versatur,
864 4086 922 4124 non
946 4066 1024 4125 inter
1046 4063 1248 4123 adversarios.
1293 4059 1366 4121 ldeo
1385 4060 1511 4140 optarim
1532 4057 1704 4130 Brentium,
1739 4061 1789 4139 qui
1820 4067 1851 4121 et
1869 4059 2035 4120 eruditione
2058 4057 2158 4120 excel·
2244 4115 2246 4120 .

128 4143 184 4207 'lit
205 4153 236 4207 et
254 4149 377 4227 egregia
398 4148 512 4227 pietate
534 4148 697 4228 praeditus¹
713 4157 778 4223 est,
812 4152 841 4210 si
864 4158 963 4211 tamen
982 4150 1056 4211 vidit
1077 4149 1134 4209 has
1152 4146 1292 4229 pagellas
1316 4154 1385 4208 ante
1408 4146 1589 4216 editionem,
1608 4146 1708 4205 limam
1731 4145 1929 4217 adhibuisse,
1959 4151 1991 4205 et
2008 4145 2157 4225 quaedam

147 4239 295 4294 mutasse.
340 4232 508 4313 Postquam
531 4241 630 4295 autem
655 4235 755 4297 editus
778 4239 920 4298 estsine
943 4235 1164 4303 emendatione,
1184 4256 1251 4301 cum
1269 4233 1393 4296 abolere
1415 4238 1511 4292 totum
1535 4230 1671 4293 libellum
1691 4252 1749 4291 non
1767 4234 1895 4311 possim,
1918 4230 1989 4291 duxi
2013 4230 2156 4291 recuden-

109 4310 115 4335 ⁸
150 4316 220 4379 dum
245 4337 330 4390 esse,
353 4326 385 4380 et
406 4339 505 4400 pauca
527 4321 675 4403 quaedam
699 4322 828 4383 dicenda
839 4322 1022 4383 distinctius.
1057 4319 1163 4381 'l'enue
1184 4321 1329 4403 scriptum
1353 4325 1413 4390 est,
1436 4318 1569 4398 quodsi
1594 4319 1662 4398 quis
1681 4319 1800 4398 putabit
1817 4317 1891 4379 utile
1914 4317 2158 4397 essepueritiae,

149 4423 211 4549 ἱοιι
244 4403 408 4485 prohibeo,
441 4426 503 4485 quo
531 4408 633 4468 minus
667 4415 774 4471 utatur.
826 4407 892 4469 Sed
915 4407 1041 4488 optarim
1058 4409 1088 4468 in
1106 4406 1165 4469 hoc
1188 4427 1300 4490 genere
1321 4405 1448 4466 aliorum
1466 4403 1528 4485 legi
1552 4405 1712 4466 uberiores
1733 4402 1867 4465 libellos.
1911 4403 1999 4464 Bene
2017 4403 2086 4464 vale
2107 4402 2160 4483 pie

180 4495 272 4553 ector.
1132 4506 1137 4513 ·
