4628 5588
2080 175 2162 260 'roe

680 190 737 257 lX.
781 188 1035 258 assuetum
1056 190 1276 258 ABUSUUM
1294 189 1475 258 COENAE
1496 191 1668 258 DOMlNl.

147 194 213 262 ⁷⁰5
376 273 381 283 .

127 384 301 463 Minister
356 380 474 466 arrigit
502 378 772 462 Sacramentum,
806 380 866 443 sed
894 381 928 443 iu
951 398 1016 444 usu
1038 377 1130 444 dilie-
1180 379 1327 444 iuuetiva
1348 389 1441 443 recte
1463 382 1635 465 convenit,
1664 380 1740 467 quia
1766 400 1846 466 pars
1868 402 1935 446 una
1956 376 2165 466 prohibetur,
2226 385 2228 389 ’

146 472 255 537 rentia
275 403 356 532 null
389 467 445 545 sit,
467 468 592 552 pariter
612 478 747 530 utantur
768 466 899 550 integro
911 466 1129 531 Sacramenta
1181 460 1286 529 altera
1309 485 1484 531 concessa.
1527 463 1672 532 Proinde
1699 469 1783 531 satis
1812 468 1967 554 adparet,
1999 465 2066 532 hac
2087 470 2162 552 ipsa
2209 533 2214 539 .

146 557 301 624 Minister
323 574 358 618 ec
378 553 521 631 Lautus,
544 554 669 637 pariter
690 570 728 615 se
751 549 967 616 consolentur
988 562 1129 636 accepto
1181 551 1381 616 disiunctiva
1398 552 1505 615 taxari
1523 553 1749 631 adversarios,
1768 565 1801 619 et
1812 552 2001 619 confirmari
2012 568 2161 619 nostram

148 641 214 709 hoc
235 643 388 727 pignore,
410 652 444 704 et
465 638 563 703 fidem
586 649 775 716 exerceant,
793 639 921 722 pariter
936 647 1038 724 agant
1054 658 1130 723 gra·
1181 638 1385 702 sententiam.
1430 637 1629 703 Moneantur
1651 640 1751 725 igitur
1768 637 1832 705 hac
1855 641 2054 726 gravissima
2073 662 2162 705 eorn-

146 730 222 796 tias.
267 726 496 812 Repudientur
517 744 653 789 errores
675 724 717 787 de
738 721 906 789 oblatione
929 737 962 788 et
984 722 1130 809 applica·
1180 711 1378 802 minatione,
1401 736 1434 789 et
1459 744 1536 788 vere
1557 736 1744 811 agnoscant
1766 746 1805 807 se
1818 747 1895 791 reos
1908 746 1985 791 esse
2009 748 2069 792 cor
2092 722 2160 791 oris

148 817 238 881 tione
261 834 324 898 pro
346 810 430 877 aliis.
475 811 540 874 Sed
568 806 763 888 sacrificuli,
797 822 833 874 ut
855 808 1051 877 confirment
1073 811 1130 873 im·
1181 820 1214 873 et
1235 811 1408 896 sanguinis
1431 807 1571 889 Christi,
1603 831 1646 874 ae
1668 811 1822 878 desinant
1848 813 1980 877 taudem
2010 749 2162 897 polluere

147 903 222 988 pios
245 902 372 963 abusus
396 892 437 961 de
455 896 628 963 ‘oblatione
657 909 690 961 et
712 892 942 1044 applicatione,
965 893 1129 959 dissimili·
1181 892 1433 961 Sacramentum
1465 895 1519 960 his
1541 896 1718 976 abusibus,
1751 918 1836 982 qnos
1858 898 2020 963 hactenus
2042 917 2164 982 magna

147 986 294 1053 tudinem
317 985 349 1047 in
371 1004 436 1048 usu
460 984 667 1048 ceremoniae
686 983 727 1045 de
743 984 878 1062 endunt,
900 995 936 1048 ut
955 979 1130 1066 plurisliat
1181 979 1378 1046 crudelitate
1410 981 1639 1048 defenderunt.
1693 981 1890 1066 Copulativa
1919 985 2099 1069 praecipit,
2126 995 2162 1048 ut

148 1072 362 1137 sacerdotum
399 1088 504 1153 opus,
538 1089 636 1153 quam
668 1064 830 1132 laicorum
863 1069 1128 1134 eornmunicatio.
1180 1079 1321 1152 utraque
1343 1079 1438 1152 parte
1459 1078 1600 1133 utamur.
1644 1068 1854 1136 Disiunctira
1876 1071 1995 1134 deinde
2018 1088 2162 1156 exagge-

148 1158 221 1223 llac
241 1154 330 1222 salsa
353 1155 571 1239 persuasione
594 1175 668 1219 cum
693 1156 851 1220 obruatur
868 1151 1056 1218 intellectus
1070 1154 1128 1219 Sa·
1180 1165 1232 1241 rat
1255 1153 1557 1233 comminationem,
1581 1155 1700 1220 modos
1722 1152 1836 1240 plures
1859 1176 2059 1234 recensens,
2092 1156 2162 1240 qui·

149 1243 321 1320 eramenti,
352 1260 493 1306 neeesse
516 1252 568 1305 est
589 1238 785 1305 reclamare.
830 1239 1015 1326 Postquam.
1042 1241 1129 1304 eninr
1181 1238 1244 1303 b'ns
1266 1240 1300 1302 in
1322 1238 1388 1302 hoc
1411 1260 1535 1324 genere
1558 1240 1768 1326 delinquitur.
1798 1241 1911 1306 Utram
1934 1255 2061 1325 partem
2084 1261 2163 1306 con·

135 1340 332 1414 ¹coeperunt
349 1324 527 1392 sacrificuli
550 1327 742 1392 discernere
763 1347 860 1391 snum
881 1346 966 1411 opos
990 1346 1011 1389 a
1028 1325 1130 1390 laico·
1179 1322 1313 1389 tumelia
1342 1323 1529 1403 adieceris,
1563 1328 1710 1412 graviter
1742 1326 1892 1392 offendes
1914 1326 2032 1394 Deum.
2077 1329 2183 1394 Sunt,

149 1439 220 1482 rum
244 1414 560 1491 communicatione,
583 1426 702 1479 secuta
723 1416 776 1479 est
797 1409 968 1478 horribilis
991 1408 1129 1476 idolola·
1180 1422 1303 1487 autem,
1325 1423 1362 1473 ut
1385 1411 1548 1489 diximus,
1580 1408 1672 1478 multi
1697 1409 1780 1478 lices
1802 1424 1835 1477 et
1856 1413 2012 1479 horrendi
2034 1416 2163 1479 abusus

148 1503 212 1567 tria
233 1502 434 1585 privatarum
458 1498 654 1577 Missurum,
689 1520 788 1585 quarn
810 1496 882 1564 tolli
909 1519 950 1563 ex
974 1495 1131 1563 Ecclesia
1179 1495 1277 1561 huius
1300 1496 1508 1561 Sacramenti
1529 1499 1617 1583 apud
1640 1435 1863 1564 atllersarios.

148 1606 291 1653 neeesse
312 1597 372 1651 est.
1126 1606 1128 1610 ·

1266 1665 1431 1732 Relutatis
1457 1668 1723 1734 adversariorum
1751 1672 1974 1757 argumentis,
2007 1672 2091 1734 satis
2123 1668 2163 1734 li·

531 1829 535 1836 ,
1180 1754 1281 1839 quido
1299 1765 1448 1838 apparet,
1469 1753 1723 1838 prohibitionem
1745 1752 1883 1820 alterius
1903 1755 2008 1840 partis
2029 1755 2163 1840 impiam

783 1873 788 1885 -
1180 1858 1274 1917 esse,
1308 1852 1342 1903 et
1363 1842 1602 1905 restituendum
1631 1860 1709 1905 esse
1738 1843 1899 1907 intectum
1922 1862 2036 1919 usum,
2071 1843 2163 1906 iuxta

476 1917 569 1998 Alia
603 1913 800 2000 Obieetio.
1180 1926 1371 1989 mandatnm
1394 1923 1587 2013 Christi,et
1608 1947 1733 1992 morem
1756 1892 1868 1991 multis
1891 1925 2018 1994 seculis
2048 1928 2164 1993 obser·
2257 1977 2259 1981 ,

1180 2022 1293 2075 vatum
1315 2012 1348 2074 in
1370 2022 1440 2076 tota
1462 2008 1618 2078 Ecclesia
1640 2014 1755 2079 veteri.
1785 2011 1998 2099 Excogitent,
2023 2013 2163 2098 lingant,

138 2170 142 2177 ,
235 2098 346 2164 Prima
367 2096 517 2163 Corinth.
543 2099 592 2165 ll.
627 2098 761 2163 dieitur:
795 2097 858 2171 Qui
896 2097 1039 2163 eomedit
1072 2118 1129 2182 pa·
1180 2095 1345 2180 refingant
1367 2117 1454 2181 quae
1475 2095 1591 2163 volent
1612 2110 1807 2184 argumenta
1830 2099 2031 2175 adversarii,
2052 2111 2164 2165 tamen

148 2205 226 2250 nem
245 2181 344 2257 hunc,
367 2195 424 2251 aut
446 2186 565 2249 biberit
585 2182 742 2269 poculum
754 2183 886 2250 Domini
910 2185 1046 2271 indigne
1064 2197 1128 2249 ete.
1160 2182 1433 2266 ,prohibitionem
1456 2182 1636 2248 delendere
1658 2204 1724 2249 nen
1747 2196 1913 2270 poterunt.
1949 2186 1984 2248 Si
2008 2186 2083 2270 quis
2105 2207 2163 2249 au·

151 2270 213 2335 llic
229 2291 318 2335 usus
347 2282 399 2335 est
421 2270 546 2336 Paulus
571 2272 771 2336 disiunctiva
793 2266 971 2355 particular
1000 2269 1036 2334 ln
1064 2272 1129 2335 dis-
1151 2340 1156 2358 ‚
1180 2281 1246 2332 tern
1268 2279 1396 2332 tontum
1417 2268 1506 2333 hane
1529 2269 1637 2333 adfert
1659 2291 1812 2335 causam:
1842 2271 1900 2338 Sic
1930 2268 2021 2350 volo,
2044 2273 2093 2335 sic
2115 2273 2163 2337 iu·

88 2430 91 2435 ,
150 2357 307 2422 iunctivis
328 2369 434 2420 antem
451 2359 534 2421 satis
550 2355 758 2422 estalteram
774 2367 901 2439 partem
917 2358 1007 2440 poni.
1041 2354 1130 2421 Con·
1183 2356 1258 2431 beo,
1292 2354 1336 2416 sit
1357 2374 1419 2437 pro
1441 2356 1567 2419 ratione
1590 2354 1764 2435 veluntas,
1797 2359 1826 2421 is
1854 2360 1889 2421 in
1914 2354 2072 2423 Ecclesia
2100 2358 2163 2422 sibi

151 2443 238 2507 cedit
248 2443 347 2528 igitur
356 2440 481 2508 Paulus
492 2454 619 2508 tantum
631 2464 696 2508 nna
717 2454 814 2527 parte
836 2441 1045 2507 Sacramenti
1066 2444 1123 2508 uti.
1179 2439 1427 2504 immoderatam
1461 2453 1659 2525 potestatem
1692 2445 1808 2506 sumite
1847 2444 1904 2508 ubi
1938 2443 2164 2507 eonscientiae

656 2560 667 2581 .
1179 2523 1303 2590 habent
1325 2522 1493 2611 regulam,
1527 2547 1615 2610 quae
1638 2530 1752 2606 docet,
1779 2526 1855 2592 Deo
1877 2530 1986 2614 magis
2009 2530 2162 2594 obedien·

176 2622 179 2633 '
235 2611 465 2679 Pulcherrima
487 2616 593 2680 virtus
616 2627 669 2678 est
690 2633 785 2679 amor
806 2613 968 2692 veritatis,
990 2613 1129 2698 quiqui·
1181 2612 1256 2675 dum
1278 2630 1368 2689 esse,
1391 2631 1490 2695 quam
1512 2612 1712 2678 hominibus.
1756 2613 1840 2678 Non,
1854 2612 1932 2679 lieet
1945 2614 2160 2680 Pontificibus

147 2699 223 2763 dem
245 2695 412 2764 excellere
435 2701 536 2765 debet
556 2702 590 2763 in
612 2700 678 2778 his,
700 2702 755 2783 qui
767 2697 1027 2763 Ecclesiasticus
1050 2719 1128 2762 con·
1179 2709 1237 2760 aut
1247 2695 1456 2780 Principibus
1477 2699 1680 2763 constituere
1692 2696 1875 2786 religiones
1886 2703 2020 2784 proprio
2040 2701 2162 2766 iudicio

146 2786 332 2851 troversias
355 2786 550 2864 diiudicant,
584 2798 621 2849 ut
643 2785 778 2870 cognita
799 2785 949 2861 veritate,
970 2784 1050 2849 linis
1069 2779 1130 2848 ali·
1181 2794 1299 2846 contra
1312 2782 1501 2845 mandatum
1518 2781 1593 2848 Dei.
1615 2784 1771 2866 littamcn
1787 2787 1884 2870 proni
1898 2786 2084 2850 suntanirni
2103 2806 2163 2870 gu·

147 2871 221 2955 quis
244 2873 288 2935 sit
310 2869 567 2954 sophismatum:
600 2870 685 2934 Nam
709 2871 764 2955 qui
787 2889 854 2932 nou
877 2881 988 2934 amant
1008 2871 1129 2934 verita·
1180 2870 1393 2933 bernatorum
1408 2867 1685 2954 adhuclapsum,
1699 2870 2103 2958 utexemplamagnorum
2116 2873 2163 2937 vi-
2259 2948 2262 2953 ,

146 2967 224 3035 tem,
248 2976 381 3040 semper
402 2959 445 3022 ad
468 2978 542 3021 earn
563 2954 761 3022 eludendam
783 2952 915 3040 aliquas
945 2952 1129 3020 cavillatio·
1180 2953 1458 3043 rorumomnibus
1480 2951 1551 3019 sere
1572 2959 1736 3020 aetatibus
1759 2959 1950 3021 ostendunt.
1972 2957 2014 3020 Et
2026 2955 2081 3021 alii
2094 2977 2163 3022 me-

92 3100 97 3108 .
146 3061 209 3106 nes
242 3043 426 3132 reperient,
459 3065 535 3108 cum
568 3043 763 3130 sophistica¹
783 3043 829 3106 sit
860 3039 997 3108 infinita.
1060 3042 1128 3107 Sed
1179 3054 1300 3106 ventur
1321 3039 1569 3124 superstitione,
1591 3039 1646 3106 alii
1659 3060 1720 3129 spe
1731 3041 1977 3128 tranquillitatis
1995 3040 2162 3130 publicae,

144 3146 283 3215 agamus
305 3130 457 3216 ingenue.
667 3134 669 3138 '
1179 3136 1230 3191 ut:
1263 3127 1435 3192 leroboam
1465 3137 1501 3190 ut
1528 3124 1689 3193 alienaret
1710 3128 1825 3279 populi
1854 3131 1983 3196 artimus
2012 3151 2033 3194 a
2055 3149 2162 3215 regno

149 3224 153 3231 ·
1180 3211 1277 3295 luda,
1301 3213 1441 3277 instituit
1468 3210 1653 3296 peculiares
1677 3238 1718 3280 eu
1734 3228 1786 3280 tus
1814 3217 1847 3281 in
1871 3217 2021 3283 Samaria
2043 3228 2162 3280 eontra

232 3298 358 3365 Paulus
391 3301 448 3368 ubi
480 3301 641 3386 praecipit
673 3302 720 3365 uti
742 3300 981 3378 Sacramenta,
1008 3299 1043 3362 in
1073 3297 1128 3364 his
1180 3299 1337 3363 mandata
1358 3297 1433 3363 Dei.
1477 3298 1532 3363 lta'
1547 3298 1728 3367 Pontifices
1750 3303 1962 3368 instituerunt
1985 3313 2163 3387 quaestuo·
2260 3324 2268 3345 ¹

145 3385 229 3471 ipsis
252 3389 365 3451 uerbis
391 3387 579 3473 praecepti,
608 3385 804 3471 particulam
833 3382 1054 3470 copulativam
1077 3396 1128 3449 ter
1179 3404 1240 3448 sos
1263 3382 1392 3464 cultius,
1421 3394 1454 3448 et
1476 3400 1671 3470 repererunt
1692 3389 1803 3454 varias
1834 3390 2040 3453 ceremonias
2062 3385 2162 3452 utiles

145 3473 280 3557 repetit:
302 3471 426 3537 Probet
448 3493 487 3537 se
509 3475 616 3558 ipsum
639 3472 752 3551 homo,
774 3485 808 3537 et
830 3473 881 3536 sic
902 3472 944 3535 de
967 3470 1128 3554 hocpane
1179 3471 1222 3534 ad
1244 3472 1430 3556 aagendam
1451 3490 1604 3557 pompam
1627 3475 1852 3553 sacerdotum,
1874 3475 1973 3538 etad
1996 3470 2162 3538 fascinan-

88 3620 95 3627 .
147 3559 243 3634 edat,
275 3570 309 3623 et
331 3559 374 3624 de
395 3557 500 3625 calice
530 3561 629 3625 bibet.
674 3558 767 3625 llaec
791 3569 869 3623 sunt
890 3558 994 3623 verba
1016 3557 1127 3641 dispo·
1179 3555 1242 3620 dos
1271 3557 1401 3621 animos
1430 3555 1544 3640 populi
1576 3558 1801 3645 qualicunque
1833 3579 1851 3623 s
1895 3562 1946 3625 cic
1978 3557 2160 3646 religionis.
2277 3576 2280 3583 ·

145 3647 255 3708 nentis
277 3665 319 3709 ae
346 3646 597 3730 praecipientis,
629 3655 664 3709 nt
690 3658 830 3730 utraque
858 3655 952 3729 parte
982 3656 1126 3708 utantur.
1179 3640 1291 3714 Quare
1314 3643 1415 3708 variis
1438 3645 1608 3708 erroribus
1626 3643 1780 3710 Ecclesia
1798 3668 1841 3730 po
1870 3658 2002 3720 utaest,
2025 3643 2161 3710 etmulti

147 3727 263 3794 Laudo
295 3729 498 3817 diligentiam
519 3733 553 3796 in
587 3731 813 3817 expendendis
846 3727 1033 3814 particulis,
1066 3729 1126 3792 sed
1177 3729 1358 3812 perierunt,
1381 3725 1559 3795 multorum
1582 3733 1805 3798 conscientiae
1827 3728 2059 3797 miserabiliter
2080 3751 2157 3797 sau·

52 3889 55 3894 ,
146 3814 343 3881 adhibeatur
365 3818 397 3881 in
421 3818 596 3883 iudicando
618 3819 805 3905 ingenuitas
826 3829 861 3881 et
889 3816 1026 3880 veritas.
1070 3812 1128 3879 Vi·
1179 3815 1286 3887 datae
1307 3825 1396 3880 sunt.
1567 3828 1571 3834 ’

146 3901 277 3980 deatur,
299 3904 365 3969 ubi·
377 3901 501 3968 Paulus
523 3925 607 3970 usus
630 3907 675 3969 sit
703 3901 901 3988 copulativis
927 3912 983 3966 ant
1006 3901 1127 3966 disiun-

148 3988 256 4052 etivis.
289 3992 324 4053 ln
342 4001 520 4136 praecepto
544 3991 585 4054 dc
606 4002 748 4076 utraque
770 4001 863 4074 perte
885 3988 1060 4066 sumenda,
1075 3996 1128 4051 est

1266 3983 1411 4051 Proinde
1432 3987 1478 4071 pii
1500 3987 1743 4072 gubernatores
1765 4010 1833 4054 uon
1856 4000 1987 4054 sumant
2009 3988 2073 4054 sibi
2100 4008 2160 4073 po·

146 4093 229 4139 usus
259 4096 344 4159 eopu
359 4075 472 4139 ativist
508 4074 689 4155 aniirmat
717 4077 816 4162 igitur
836 4096 933 4141 usum
956 4075 1127 4158 utriusque
1179 4082 1351 4150 testatem,
1384 4093 1448 4138 suo
1481 4073 1602 4138 iudicio
1627 4087 1744 4138 contra
1766 4077 1923 4140 mandata
1945 4073 2008 4138 Dei
2037 4072 2161 4159 aliquid

47 4185 52 4193 ·
146 4161 263 4244 partis.
309 4160 437 4225 Deinde
470 4159 575 4225 semel
608 4175 661 4227 est
693 4183 777 4227 usus
810 4157 973 4248 particula
1005 4160 1127 4224 disiun·
1180 4159 1414 4238 constituendi,
1437 4159 1498 4222 sed
1518 4156 1592 4225 lieo
1615 4162 1856 4244 obtemperent,
1878 4174 1995 4229 ornent
2020 4156 2161 4246 gloriam

148 4246 266 4324 etiva,
286 4241 428 4331 loquens
461 4247 503 4311 de
536 4268 646 4332 poena
677 4249 812 4332 indigne
845 4247 1057 4324 sumentium,
1091 4254 1128 4310 ut
1180 4243 1262 4323 Dei,
1295 4242 1473 4309 consulant
1505 4246 1720 4310 conscientiis
1750 4247 1890 4331 piorum.
1956 4245 2049 4311 llaec
2082 4255 2161 4310 sunt

148 4332 359 4397 comminatio
383 4344 476 4398 esset
498 4335 659 4412 atrocior,
683 4347 715 4398 et
738 4335 840 4399 sciret
862 4334 993 4400 auditor
1014 4351 1129 4417 parem
1533 4404 1546 4417 „

148 4419 367 4483 reverentiam
387 4419 517 4505 utrique
537 4421 624 4505 parti
646 4421 770 4485 deberi.
1178 4418 1319 4502 spretis,
1351 4417 1459 4502 siqui
1487 4413 1584 4504 leges
1607 4419 1745 4483 iniustas
1774 4417 1948 4484 Ecclesiae
1977 4419 2158 4502 imponent,

1179 4502 1232 4567 his
1265 4505 1410 4567 minatur
1442 4523 1510 4568 vex
1542 4505 1652 4568 divina
1684 4505 1852 4589 inquiens:
1875 4503 1948 4568 Vae
1970 4504 2079 4582 vobis,
2103 4502 2160 4590 qni

1179 4586 1274 4694 leges
1317 4589 1457 4653 iniustas
1501 4591 1655 4655 conditis
1741 4589 1838 4655 'l‘anti
1874 4587 1961 4655 lecit
2005 4588 2159 4655 Christus

1179 4694 1305 4740 animas
1352 4685 1509 4754 nostras,
1558 4687 1596 4741 ut
1637 4696 1701 4741 sua
1743 4687 1851 4742 ruorte
1900 4697 1959 4741 eas
1987 4677 2159 4741 redeme-

145 4612 148 4617 ·
235 4587 441 4655 Contumelia
477 4590 629 4657 afliciunt
661 4589 931 4669 Sacramentum,
969 4590 1025 4676 qui
1058 4588 1129 4652 sine

101 4681 104 4685 ’
149 4676 378 4742 emendatione
398 4697 526 4743 morum
549 4679 731 4743 accedunt:
754 4678 831 4742 item
854 4677 1049 4742 sacerdotes
1073 4675 1129 4760 qui

1178 4331 1357 4417 praecipua
1391 4328 1503 4397 officia
1531 4333 1785 4407 gubernantium
1814 4329 2007 4408 Ecclesiae,
2040 4333 2160 4415 quibus
2266 4338 2269 4343 '

148 4773 309 4847 quaestus
333 4784 436 4830 causa
458 4775 599 4830 sumunt.
645 4765 711 4831 Sed
732 4759 834 4827 multo
856 4764 961 4828 maior
983 4772 1034 4826 est
1052 4781 1129 4826 con·

66 4907 78 4922 ,
109 4920 112 4926 .
149 4845 295 4925 tumelia‚
317 4872 384 4916 non
403 4848 523 4915 all'erre
544 4869 658 4916 reram
680 4850 932 4937 poenitentiam,
956 4848 1074 4924 fidem,
1096 4858 1129 4913 et

63 4974 68 4984 -
149 4933 333 5000 doctrinam
367 4938 408 5003 de
441 4956 504 5002 usu
537 4935 840 5019 sacramentorum.
884 4934 947 5000 Fst
979 4947 1013 4999 et
1044 4934 1129 5000 baec

149 5020 365 5103 contumelia,
398 5023 576 5109 prohibere
597 5044 695 5089 unam
718 5033 853 5108 partem.
897 5020 990 5087 llaec
1014 5030 1127 5103 contu·

136 5103 248 5173 ‘melia
276 5130 353 5181 eam
379 5107 591 5196 peculiariter
616 5111 780 5196 pertineat
800 5109 844 5203 qd
871 5103 1028 5186 calicem,
1062 5106 1129 5171 dis·

304 5244 454 5290 usuum.
468 5247 550 5289 orne
564 5246 630 5292 VOlr.
643 5245 728 5288 xxm.

1178 4763 1230 4825 rit.
1274 4759 1441 4834 Quantum
1473 4761 1572 4847 igitur
1604 4760 1877 4847 reprehendenda
1910 4773 1963 4827 est
1994 4763 2160 4846 asperitas
2217 4790 2222 4797 ·

1179 4858 1212 4911 et
1233 4846 1372 4913 durities
1404 4848 1675 4932 gubernantium,
1700 4850 1764 4933 qui
1787 4850 1996 4914 sanciuntet
2017 4848 2159 4934 perdunt
2221 4893 2227 4898 -

1177 4934 1307 4998 animas
1330 4952 1466 4998 suorum
1487 4934 1619 4998 iniustis
1639 4929 1796 5038 legibue?
1840 4933 1925 5006 Quis
1951 4932 2039 4998 hanc
2062 4952 2159 5016 aspe-

1178 5019 1308 5085 ritatem
1330 5039 1396 5084 non
1419 5019 1580 5085 accuset?
1623 5018 1708 5093 Quis
1729 5017 1816 5085 hanc
1838 5021 1965 5085 tristem
1984 5016 2159 5085 Ecclesiae

1177 5107 1371 5172 servitutem
1392 5124 1461 5170 nou
1481 5104 1655 5191 deploret?
1687 5104 1844 5175 Orandus
1866 5117 1919 5172 est
1940 5107 2040 5193 igitur
2049 5103 2158 5185 Deus,
2264 5120 2271 5129 ·

1911 5274 1914 5279 ,
1950 5225 1983 5278 tt
