4628 5588
78 166 82 171 ’
149 194 222 264 ari
566 232 573 245 .
779 184 895 256 ruia.
916 182 1023 253 ura.
1045 182 1235 254 scauri
1255 126 1536 253 nonnanes.
2111 182 2179 251 ais

147 382 247 451 'iiiios
270 381 408 448 affectus
430 379 504 446 sine
525 388 678 465 peccato,
701 375 796 453 Sicut
827 377 871 441 ad
893 374 1066 441 Hebraeos
1097 375 1144 440 di·
1193 375 1400 454 societatem,
1421 394 1483 440 seu
1504 374 1741 453 assistentiam,
1763 374 1850 440 sicut
1867 369 2099 465 adfuitlleiiae
2119 385 2179 442 aut

159 471 262 536 citur:
296 469 373 534 Non
405 465 571 532 hahemus
603 463 813 550 pontificem,
846 464 901 549 qni
935 482 1003 527 non
1036 461 1144 548 possit
1194 458 1269 528 aliis
1293 461 1489 546 Prophetis,
1522 480 1587 526 nec
1619 459 1727 527 i'uisse
1754 462 1909 527 unionem
1931 461 2179 548 hypostaticam

160 557 305 642 compati
317 555 558 619 infirmitatibus
570 553 705 629 nostris,
718 551 781 617 Sed
793 561 954 616 tentatum
963 568 1024 635 per
1035 549 1145 614 omnia
1194 566 1256 613 seu
1294 568 1391 612 unam
1453 567 1619 613 ersonam.
1674 544 1827 612 Patiente
1858 548 1981 613 ioanne
2013 546 2180 633 Baptista,

160 643 347 710 secundum
366 637 613 706 similitudinem
635 639 708 702 sine
729 649 882 722 peccato.
1166 699 1172 745 Ι
1195 654 1384 785 ᾳιιῗίειιεἮ
1402 570 1686 785 εξεειάεἰῖὓειιί),
1718 632 1847 740 scilicet
1874 634 1987 700 ferens
2009 632 2179 786 aupffium,

248 795 308 861 su
340 796 438 882 iu
578 793 612 858 u
641 791 776 858 cuo
923 809 965 854 a
992 788 1145 896 visu,
1195 733 1248 872 ει
1269 734 1632 892 ,susurru
1656 731 2179 889 assumimus

160 883 248 949 ‘1⁰⁸0
276 893 416 947 flaturae
443 892 567 959 unllafli
600 892 637 944 ut
664 890 774 943 iflfflffl
809 897 889 941 ⁵⁰⁸⁸
922 886 1144 962 Pf⁰P¹¹0i⁸¹⁰⁵
1195 895 1228 957 id
1251 905 1316 972 est,
1340 905 1528 958 contemtus
1551 892 1713 958 adDeum
1736 895 1890 979 pertinet,
1911 905 1949 960 ιιι
1970 914 2046 960 ειιιιι
2068 893 2180 982 Lega-

159 981 302 1053 utraque
320 969 474 1046 retineat,
497 967 608 1031 divina
625 977 745 1030 natura
767 958 1054 1040 nonviilneratur,
1076 981 1145 1025 non
1195 991 1250 1044 tus
1273 977 1433 1059 violatur,
1466 977 1585 1045 ,elafio
1607 980 1652 1044 ,p
1675 978 1802 1065 Regem
1824 982 1983 1064 perfluet,
2014 977 2102 1046 ,pud
2125 989 2181 1045 „t

159 1058 313 1134 moritur,
336 1054 404 1119 Sed
425 1065 547 1118 natura
568 1051 713 1117 humana
734 1070 814 1115 vere
837 1051 941 1114 sensit
963 1050 1145 1126 cruciatus,
1195 1066 1282 1131 ictus
1314 1066 1347 1130 ιη
1382 1085 1537 1149 corpore,
1570 1060 1661 1131 „liud
1695 1066 1854 1152 cog-statio
1887 1067 1921 1131 5„
1942 1078 2063 1131 meme,
2107 1066 2180 1132 Sed

159 1153 193 1208 et
214 1151 346 1207 mortua
368 1152 432 1219 est,
461 1160 503 1203 ac
534 1138 729 1204 necessaria
747 1135 915 1221 diligentia
936 1146 989 1200 est
1011 1153 1144 1212 cavere,
1195 1149 1488 1238 christopapeme
1509 1149 1576 1216 ,150
1594 1150 1692 1217 modo
1716 1152 1843 1230 dicitur,
1865 1152 1974 1218 Deum
1995 1153 2078 1239 μή,
2100 1155 2181 1239 quia

158 1246 204 1297 ne
236 1226 294 1291 iiat
322 1238 515 1292 naturarum
549 1221 713 1290 conlusio.
759 1223 839 1288 ideo
872 1223 923 1286 sic
951 1222 1063 1325 inquit·
1079 1220 1144 1284 ire·
1193 1237 1280 1303 haec
1301 1259 1448 1324 perfflna
1470 1239 1593 1323 patim,-
1614 1249 1648 1303 et
1665 1237 1880 1325 crucifigitur,
1902 1259 1990 1326 quae
2006 1238 2179 1321 esium,

159 1332 285 1380 uaeas:
308 1311 403 1378 Sicut
425 1313 511 1376 enim
533 1311 633 1376 homo
656 1320 738 1387 erat,
759 1323 796 1375 ut
817 1319 1013 1388 tentaretur,
1035 1327 1086 1371 sic
1112 1317 1145 1371 et
1195 1326 1323 1390 etiamsi
1345 1322 1505 1389 laceratio
1521 1335 1646 1392 mnium
1668 1324 1705 1389 fit
1725 1330 1759 1393 pn
1780 1346 1934 1411 corpore,
1958 1370 1962 1376 .

159 1398 311 1466 Verbum
324 1409 406 1477 erat,
427 1410 465 1463 ut
480 1394 738 1484 glorificaretur,
761 1397 993 1481 requiescente
1011 1395 1144 1480 quidem

159 1487 280 1561 verbo,
311 1496 348 1549 ιιι
375 1495 494 1569 posset
521 1483 653 1562 tentari,
687 1481 836 1568 crucifigi
859 1493 892 1544 et
913 1482 1008 1546 mori.
1052 1477 1144 1543 Usus

160 1582 215 1639 est
235 1569 393 1635 irenaeus
415 1567 576 1655 singulari
606 1567 746 1634 consilio
778 1568 843 1633 hac
871 1567 993 1653 insigni
1020 1565 1145 1630 deseri·

159 1657 284 1744 ptione,
306 1658 499 1742 quiescente
516 1658 631 1730 verbo,
654 1657 688 1721 id
711 1666 776 1733 est,
798 1667 877 1719 tunc
898 1675 966 1718 non
989 1662 1145 1718 exerente

160 1762 257 1808 suam
279 1745 459 1826 potentiam
485 1743 518 1807 in
546 1739 739 1826 repellenda
767 1743 927 1824 passione
960 1751 994 1806 et
1025 1750 1144 1815 morte,

160 1832 253 1899 Sicut
274 1830 316 1893 ad
333 1828 568 1914 Philippenses
586 1830 723 1894 diciturr
745 1826 934 1893 Exiiianivit
951 1847 1039 1892 sese.
1067 1826 1144 1891 Non

159 1917 207 1983 ait
228 1915 373 1980 divinam
393 1928 543 1980 naturam
566 1928 729 1980 mortuam
758 1934 846 1993 esse,
876 1915 938 1978 sed
965 1914 1144 2000 quievisse,

159 2014 197 2068 ut
218 2014 339 2067 natura
360 2015 511 2067 assumta
532 2003 616 2067 mori
638 2011 765 2086 posset.
809 2000 853 2065 Et
874 2000 1081 2065 Athanasius
1109 2000 1144 2062 in

159 2086 249 2157 libro
271 2089 313 2153 de
335 2087 567 2153 incarnatione
598 2089 720 2173 inquit:
755 2085 839 2152 Cum
862 2108 928 2152 non
951 2096 1045 2151 esset
1064 2104 1144 2170 pos-

170 2172 302 2240 sibilei
330 2195 404 2240 sum
444 2173 593 2240 Verbum
627 2176 721 2252 mori,
768 2175 891 2258 quippe
924 2171 1143 2238 immortalem

159 2259 273 2327 Patris
295 2196 409 2340 ditum,
439 2280 562 2344 corpus
591 2260 656 2324 sibi
685 2261 775 2344 quod
797 2261 881 2324 mori
903 2271 1019 2344 posset
1047 2278 1145 2324 acce·

159 2348 220 2433 pit,
241 2359 278 2412 ut
298 2347 332 2410 id
355 2367 478 2432 corpus
500 2347 594 2412 verbi
615 2348 784 2430 particeps
806 2346 948 2424 sactum,
977 2356 1011 2411 et
1036 2365 1144 2410 inore·

159 2445 252 2499 retur
304 2452 342 2496 ro
376 2434 543 2512 omnibus,
577 2441 611 2498 et
643 2431 832 2499 inhabitans
864 2432 1005 2500 verbum
1035 2432 1144 2498 incor-

159 2454 317 2606 ruptibile
338 2531 497 2584 maneret.

1281 1444 1378 1510 lianc
1410 1442 1551 1509 sormam
1584 1445 1748 1512 seimonis
1780 1458 1908 1512 tantum
1942 1445 2101 1512 discimus
2133 1463 2179 1511 ex

1194 1531 1268 1617 ipso
1289 1529 1373 1596 Filio
1396 1530 1460 1595 Dei
1482 1531 1532 1596 sic
1554 1529 1724 1682 loippeute,
1747 1532 1780 1598 in
1798 1532 2008 1618 Propheticis
2031 1541 2065 1595 et
2085 1531 2178 1617 Apo·

1195 1616 1328 1684 stolicis
1343 1619 1488 1702 scriptis,
1508 1628 1546 1681 ut
1568 1616 1603 1682 io
1629 1640 1682 1684 an.
1704 1618 1737 1686 8.
1770 1618 1878 1686 Amen
1900 1639 1996 1685 amen
2019 1619 2095 1684 dico
2118 1638 2178 1684 vo·

1196 1703 1260 1785 bis,
1276 1706 1471 1791 priusquam
1492 1703 1663 1770 Abraham
1684 1717 1875 1786 natusest,
1908 1726 1973 1792 ego
1996 1726 2081 1773 surii.
2125 1702 2177 1767 io·

1195 1788 1271 1856 han.
1296 1791 1326 1855 1.
1366 1790 1403 1856 in
1425 1792 1549 1856 mundo
1571 1802 1655 1870 erat,
1676 1794 1872 1859 eimundus
1894 1814 1956 1877 per
1977 1792 1986 1856 i
2012 1812 2086 1856 suni
2106 1787 2179 1854 iac·
2202 1860 2209 1865 ,

1195 1887 1342 1956 tuaest,
1372 1889 1405 1943 et
1425 1878 1570 1944 mundus
1594 1898 1667 1943 enm
1689 1899 1756 1945 non
1780 1901 1820 1945 oo
1845 1880 1948 1944 novit.
2043 1877 2177 1943 char-iae

1197 1964 1248 2029 12.
1293 1963 1468 2050 Aspicient
1500 1985 1554 2030 ine
1586 1985 1684 2050 quem
1717 1901 1950 2032 confoderunt.
1993 1963 2031 2030 ln
2059 1962 2112 2028 his
2143 1970 2178 2027 et

1195 2047 1306 2117 multis
1340 2048 1502 2117 similibus
1536 2051 1634 2117 dictis
1666 2049 1876 2119 manifestum
1910 2062 1962 2117 est
1990 2052 2031 2117 de
2052 2071 2121 2116 uno
2143 2060 2178 2116 ct

1195 2139 1313 2203 eodem
1335 2135 1470 2203 Christo
1502 2136 1580 2216 dici,
1614 2148 1648 2203 et
1679 2150 1790 2205 taiiieu
1821 2136 1964 2224 intelligi
1986 2136 2179 2202 discrimina

1196 2235 1387 2291 naturarum
1400 2235 1541 2310 oportet.
1565 2222 1628 2290 llic
1642 2221 1798 2292 Christus
1810 2222 1872 2292 i'uit
1892 2238 1970 2291 ante
1991 2224 2099 2288 Adam
2120 2241 2175 2291 se·

1195 2311 1340 2376 cundum
1360 2322 1513 2387 naturam
1530 2309 1686 2391 divinam,
1719 2334 1761 2378 ac
1793 2332 1882 2378 nuuc
1907 2312 1995 2377 idem
2023 2321 2077 2374 est
2097 2310 2177 2374 sub·

1194 2397 1333 2478 sistens,
1354 2416 1415 2463 seu
1437 2398 1551 2462 eadem
1573 2418 1733 2481 persona,
1785 2419 1949 2485 uauquaiu
1977 2407 2096 2462 natura
2116 2393 2177 2461 hu·

1196 2504 1294 2550 mana
1315 2497 1466 2550 assumta
1487 2494 1550 2550 εει
1573 2483 1619 2549 Ut
1640 2485 1741 2572 igitur
1761 2420 1973 2551 discernatur
1994 2483 2049 2549 hic
2070 2478 2176 2547 lilius

1194 2571 1238 2636 ab
1260 2567 1335 2636 aliis
1358 2570 1503 2649 Sanctis,
1525 2579 1559 2638 ει
1576 2567 1687 2657 aliquo
1710 2573 1809 2638 modo
1821 2571 2047 2658 conspiciatur
2059 2567 2176 2635 discri-

248 2653 445 2742 Quanquam
473 2666 583 2722 antem
615 2667 756 2723 naturae
788 2655 1031 2722 discernendae
1053 2665 1143 2736 sunt,
1193 2677 1270 2722 men
1292 2658 1380 2725 inter
1393 2656 1640 2762 hypostaticam
1650 2660 1819 2738 unionem,
1842 2669 1875 2725 et
1897 2658 2093 2725 societatem
2114 2673 2177 2721 seu

159 2749 194 2809 ει
214 2740 383 2829 quaelibet
404 2763 485 2808 suas
506 2744 729 2830 proprietates
752 2743 863 2822 habet,
892 2756 1016 2809 utnon
1038 2762 1144 2828 posse
1195 2739 1352 2811 auxilium
1384 2743 1450 2809 Dei
1482 2747 1516 2810 in
1548 2740 1623 2810 aliis
1656 2745 1810 2824 Sanctis,
1844 2756 1937 2811 recte
1969 2742 2091 2808 tradita
2123 2749 2176 2807 est

158 2826 303 2896 lacerari
336 2840 369 2893 ει
402 2831 498 2908 mori,
529 2832 717 2916 proprietas
752 2841 805 2895 est
837 2830 968 2896 divinae
990 2843 1142 2896 naturae:
1195 2830 1347 2896 doctrina
1380 2832 1422 2896 de
1456 2832 1755 2898 communicatione
1777 2831 1984 2912 idiomatum,
2016 2840 2050 2894 et
2082 2837 2176 2894 recte

159 2913 228 2981 Sed
250 2917 439 3001 proprietas
461 2914 627 2982 humanae
651 2931 789 2981 naturae
811 2928 897 2996 erat,
918 2936 1024 3002 posse
1054 2913 1144 2982 iace·
1194 2916 1315 2984 dicitur
1337 2919 1379 2984 de
1400 2914 1485 2983 Filio
1507 2916 1587 2983 Deir
1621 2916 1717 2984 Deus
1739 2932 1792 2984 est
1816 2938 1953 3005 passus,
1986 2916 2064 3002 quia
2090 2913 2177 2980 haec

158 3001 226 3068 rari
244 3014 278 3066 et
298 3004 394 3080 niori,
426 3012 536 3066 tamen
568 3015 601 3067 ει
630 3003 697 3067 hoc
727 3001 914 3068 firmissime
936 3005 1142 3069 retinendum
1192 3024 1340 3089 persona
1361 3022 1464 3090 passa
1486 3016 1557 3083 εει,
1590 3024 1676 3090 quac
1698 3015 1751 3070 est
1772 3003 1880 3071 Deus.
1923 3003 1996 3069 Nec
2018 2998 2081 3069 fuit
2102 3012 2176 3066 tan·

159 3099 224 3168 cst,
247 3091 338 3174 quod
355 3089 397 3153 sir
421 3092 495 3165 [una
525 3107 672 3171 persona
703 3108 766 3154 seu
798 3110 898 3155 unum
930 3089 1141 3175 ὑφιστάμενον,
1193 3103 1263 3155 ιιιιιι
1285 3095 1451 3174 λογομαχία
1480 3102 1650 3156 certamen
1673 3113 1748 3159 cum
1769 3090 1942 3170 Nestoris,
1970 3088 2039 3155 Sed
2065 3088 2109 3154 de
2125 3107 2177 3153 re·

159 3175 251 3261 quod
273 3184 442 3260 utcunque
464 3194 567 3257 supra
588 3172 841 3241 declaravimus.
879 3176 958 3242 ideo
979 3176 1044 3243 hae
1066 3195 1143 3261 pro·
1192 3176 1259 3241 bus
1290 3177 1441 3243 maximis
1475 3177 1707 3244 controversia
1739 3174 1815 3258 i'uit,
1846 3198 1890 3245 an
1912 3178 1945 3242 in
1967 3175 2103 3242 Cirristo
2124 3174 2177 3241 sic

159 3259 343 3348 positiones
364 3261 509 3326 usitatae
531 3272 623 3327 sunta
650 3259 801 3328 Verbum
829 3273 882 3328 est
903 3261 1020 3342 honio,
1047 3261 1142 3328 Deus
1192 3262 1280 3328 adsit
1300 3263 1412 3329 divina
1433 3273 1553 3329 natura
1573 3264 1740 3330 humanae
1762 3275 1888 3330 tentum
1904 3283 1966 3350 per
1981 3263 2177 3327 societatem

56 3422 59 3427 ¹
160 3357 214 3413 ast
244 3346 358 3426 homo,
391 3343 484 3412 Deus
517 3358 570 3412 est
602 3367 738 3434 passus,
772 3348 866 3414 Ι)ειιε
900 3361 955 3415 εει
979 3361 1143 3423 mortuus.¹
1193 3368 1256 3414 seu
1288 3350 1531 3427 assistentiam,
1574 3351 1663 3415 sicut
1692 3346 1798 3416 adfuit
1836 3349 1903 3416 Pro
1927 3349 2026 3416 hetia.
2081 3347 2175 3425 item,

159 3430 375 3521 significatur
396 3433 482 3498 enim
503 3432 557 3498 his
583 3435 885 3519 propositionibus,
910 3435 1000 3502 lianc
1026 3456 1142 3520 perso·
1192 3434 1247 3499 An
1270 3436 1335 3501 sint
1357 3437 1423 3502 duo
1440 3434 1498 3500 iiiii
1515 3435 1604 3518 λόγος
1622 3448 1654 3502 ει
1666 3448 1765 3502 natus
1782 3457 1826 3502 eii
1835 3437 1977 3526 virgine.
2005 3435 2100 3514 item,
2120 3432 2177 3500 Aa

157 3536 247 3600 nam,
269 3540 356 3606 quae
377 3517 548 3601 estDeus,
570 3534 733 3587 mortuam
755 3541 843 3602 esse,
865 3522 992 3587 etiamsi
1013 3533 1140 3588 tantuin
1192 3540 1259 3587 uria
1279 3527 1401 3615 terpetp
1423 3523 1632 3589 invocandus
1654 3524 1699 3588 sit
1720 3519 1821 3589 iilius.

158 3609 342 3673 secundum
365 3618 516 3673 naturam
538 3607 716 3674 humanam
737 3619 790 3674 est
809 3620 958 3687 mortua,
991 3621 1025 3675 ει
1056 3608 1142 3673 haec

157 3690 292 3780 phrasis
314 3694 504 3758 nominatur
525 3691 787 3762 communicatio
810 3694 1022 3773 idiomatum,
1056 3715 1142 3800 quae
1191 3764 1269 3812 mm
1279 3658 1466 3826 sffffil,
1475 3661 1697 3813 olirtnlisillllllll1
1717 3657 2176 3834 llll’Vffl‘llgmllllffiVllnig

159 3790 212 3845 est
235 3775 535 3886 iormanioquendi,
559 3802 625 3867 qua
645 3782 835 3887 proprietas
858 3785 1062 3848 conveniens
1084 3803 1142 3847 uni
1192 3845 1330 3899 mmm
1353 3835 1386 3898 in
1409 3830 1545 3898 (hmo
1581 3832 1620 3896 λοι
1636 3857 1670 3896 ⁰,
1692 3844 1726 3898 et
1747 3845 1929 3901 assumtam
1951 3846 2103 3899 „amram
2144 3841 2178 3898 οι

158 3877 298 3929 naturae
319 3869 472 3931 tribuitur
493 3888 659 3950 personae
691 3887 724 3931 in
759 3881 930 3948 concreto,
962 3879 1142 3953 propterea
1194 3939 1271 3986 em
1292 3940 1393 3985 unum
1415 3869 1558 3997 puppim:
1572 3860 1659 4001 2572,
1681 3930 1715 3983 et
1735 3881 1887 3986 „niumm
1908 3876 2120 3998 assumtam:
2143 3928 2177 3986 ei

159 3951 235 4036 quia
254 3951 352 4016 unica
374 3965 427 4016 est
448 3971 605 4036 persona,
627 3967 663 4020 ut
682 3955 833 4034 dicimus,
855 3954 1147 4033 iloniouumerat,
1192 4026 1258 4071 una
1280 4005 1475 4070 adoratione
1496 4005 1737 4085 invocandum,
1770 4027 1836 4072 neo
1868 4003 1934 4073 aph
1959 4007 2026 4092 pepp
2049 4016 2177 4070 tantum

158 4037 289 4102 etiamsi
310 4048 434 4102 tantum
456 4051 566 4103 mente
588 4052 750 4106 numerat.
794 4043 847 4106 Ac
869 4038 1044 4128 diligenter
1066 4041 1142 4105 reti·
1258 4091 1267 4112 ,
1293 4091 1302 4110 ,
1544 4089 1567 4154 l,

157 4125 269 4188 nenda
287 4136 340 4189 est
362 4119 468 4189 souma
492 4122 648 4209 loquendi
672 4126 766 4212 gravi
789 4129 966 4193 autoritate
989 4137 1141 4211 recepta:
1193 4093 1545 4243 :odilllinelassffiassl
1559 4090 2177 4266 'lnladillddrddmluglddssodVellffl

157 4230 367 4296 nequaquam
390 4211 509 4276 dicitur
530 4212 563 4275 in
585 4213 774 4276 abstracto:
799 4212 964 4279 Divinitas
985 4225 1038 4279 εει
1056 4234 1141 4279 mor·
1316 4263 1324 4280 .
1526 4264 1534 4282 ,

157 4305 234 4375 imi,
271 4293 326 4362 vel
347 4295 471 4361 Dffim
505 4309 624 4362 natu„
652 4309 704 4362 est
732 4309 882 4379 mortua,
915 4301 992 4386 quia
1020 4302 1053 4366 in
1083 4301 1142 4364 ab,
1192 4262 1347 4331 Ecclesia
1370 4261 1484 4330 locuta
1506 4277 1560 4328 sit.
1604 4263 1837 4349 improbantur
1869 4263 1934 4332 hae
1965 4263 2093 4332 iormae
2125 4261 2176 4330 lo·

158 4393 288 4448 stracto
321 4382 529 4470 significatur
560 4395 681 4450 natura
712 4387 896 4450 secundum
928 4407 967 4450 se
991 4386 1142 4452 conside-

157 4479 242 4547 rata,
261 4479 294 4533 et
315 4472 470 4536 tribuitur
492 4472 547 4535 uni
569 4482 709 4537 naturae
730 4469 808 4551 hoc,
832 4474 920 4558 quod
939 4473 1142 4538 contrarium

158 4563 212 4617 εει
232 4551 311 4621 huic
332 4570 483 4639 naturae,
511 4569 549 4624 ut
572 4580 646 4625 cum
670 4559 831 4624 dicerem:
861 4557 1007 4647 Sanguis
1029 4579 1142 4624 nuiue·

157 4649 212 4706 rat
232 4652 290 4706 aut
312 4664 427 4710 nasus.

1194 4353 1332 4439 quendi:
1366 4350 1521 4416 Christus
1550 4362 1603 4415 cst
1632 4353 1838 4436 compositus
1861 4373 1904 4418 ex
1928 4352 2059 4418 duabus
2081 4363 2177 4416 natu·

1192 4441 1252 4505 iis.
1297 4437 1396 4517 item,
1425 4433 1579 4502 Christus
1603 4449 1655 4502 est
1677 4450 1850 4518 creatura,
1889 4439 1967 4526 quia
1988 4439 2104 4504 Ariani
2127 4438 2177 4503 in·

1193 4525 1318 4590 sidiose
1334 4523 1422 4588 hanc
1439 4524 1700 4627 propositionem
1717 4525 1900 4591 miscebant
1917 4524 2005 4604 aliis,
2027 4537 2063 4589 ut
2079 4544 2178 4590 suuni

1193 4632 1341 4677 errorem
1364 4614 1615 4689 cucumerem,
1650 4631 1724 4677 cum
1755 4614 1995 4678 contenderent
2015 4610 2103 4692 tripos
2124 4632 2178 4676 se·

1163 4699 1337 4792 'cundum
1364 4717 1443 4762 sese
1476 4697 1574 4761 etiam
1596 4718 1663 4763 non
1698 4710 1846 4762 assumta
1873 4699 2018 4764 humana
2046 4708 2176 4777 natura,

245 4777 421 4846 Nestorius
443 4784 590 4869 negabat
610 4779 674 4848 has
692 4784 956 4869 propositiones:
977 4781 1071 4848 Deus
1090 4794 1143 4849 est
1193 4804 1272 4849 osse
1306 4797 1492 4849 creaturam
1526 4780 1649 4850 factam
1684 4805 1726 4849 ex
1762 4781 1883 4864 nihilo,
1923 4797 1957 4849 et
1995 4806 2061 4850 noii
2095 4803 2176 4850 esse

157 4875 257 4930 natus
280 4885 321 4930 ex
344 4867 488 4953 virgine,
518 4868 715 4949 crucifixus,
749 4883 781 4935 ει
800 4871 959 4936 recitatur
980 4869 1046 4936 hoc
1070 4872 1141 4937 eius
1193 4868 1349 4955 ὁμοιόσιον
1372 4869 1474 4948 i'atri,
1508 4872 1584 4935 ideo
1603 4882 1698 4936 vetus
1721 4869 1875 4937 Ecclesia
1899 4872 2067 4937 damnavit
2087 4871 2176 4936 hano

159 4952 298 5017 dietum:
330 4951 405 5019 Noli
429 4951 565 5040 gloriari
583 4956 715 5037 iudaee,
739 4978 805 5023 nori
829 4959 915 5023 eiiim
937 4955 1058 5036 Deum,
1080 4959 1141 5023 sed
1192 4958 1467 5043 propositionem,
1502 4956 1653 5023 Christus
1683 4969 1735 5022 est
1768 4970 1932 5039 creatura,
1965 4978 2176 5044 nequaquam

157 5034 322 5104 hominem
346 5042 550 5106 crucifixisti.
591 5042 679 5107 ilinc
711 5057 768 5110 aut
802 5046 873 5130 ipse
906 5056 963 5111 ant
992 5041 1048 5111 alii
1076 5042 1142 5108 hoc
1192 5056 1342 5110 vetustas
1364 5045 1461 5110 etium
1484 5041 1676 5110 sic-locuta
1698 5057 1766 5123 est,
1801 5042 1955 5111 Christus
1979 5056 2030 5111 est
2050 5060 2175 5129 passus

159 5128 357 5193 extiuehant
379 5126 515 5195 Christo
549 5127 686 5195 affuisse
717 5143 869 5198 naturam
903 5131 1049 5197 divinam
1080 5151 1142 5216 per
1192 5143 1226 5199 ει
1247 5143 1398 5200 mortuus
1420 5131 1605 5200 secundum
1626 5143 1800 5217 utramque
1823 5145 1987 5214 naturam,
2014 5131 2093 5218 qnia
2114 5128 2176 5197 Sc·
