4628 5588
64 178 66 183 -
158 150 227 219 ccc
370 99 373 103 ’
794 146 909 215 rum
930 144 1035 215 uren
1052 144 1243 217 maura
1258 144 1540 245 ιιοιιιιιιιοιιῗ
1773 123 1778 129 ’
2108 146 2179 217 ιιι

158 359 279 428 presso
301 341 415 405 verbo.
460 339 633 404 Benedicit
665 338 731 417 eis,
762 338 853 404 iubet
886 357 948 405 eos
980 338 1141 405 dominari
1191 338 1355 427 imagines
1386 360 1409 405 a
1435 338 1535 405 nobis
1634 338 1736 405 'tatae
1767 348 1945 419 etractus
1976 338 2084 405 norat
2104 358 2178 405 nou
2280 380 2286 391 ·

159 427 302 495 caeteris
323 428 439 506 rebus,
463 426 555 491 addit
576 426 732 491 exercitia
747 426 956 490 obedientiae
978 427 1019 491 de
1040 446 1141 511 pomo
1192 424 1557 511 suntinimicorum
1622 424 1667 490 ibi
1701 426 1869 511 copiosius
1897 424 2029 492 dicitur.
2079 424 2176 491 llaec

79 549 81 553 v
159 524 193 579 et
215 516 258 580 de
279 511 356 599 lege
379 510 543 599 Coniugii.
589 510 694 577 Emnt
716 512 781 577 duo
814 515 848 577 in
871 531 1006 576 carnem
1030 532 1141 592 unam,
1193 515 1342 579 breviter
1361 512 1483 593 addidi,
1510 512 1588 617 quia
1609 532 1698 577 nunc
1730 514 1765 576 in
1796 513 1862 578 hac
1895 524 1987 579 taum
2020 509 2177 598 caligine,
2285 546 2302 553 ··

98 622 132 653 -·=
157 600 192 664 id
226 611 296 678 est,
335 619 421 664 unus
455 618 529 664 mas
562 609 595 663 et
616 620 684 663 una
706 595 851 665 foemina
874 596 1140 684 inseparabiliter
1194 600 1346 665 doctrina
1368 601 1410 663 de
1431 600 1574 685 imagine
1597 599 1774 663 obscurior
1794 610 1859 663 est.
1902 598 1973 664 Sed
2006 600 2069 665 erit
2101 594 2178 663 illu·
2242 596 2266 651 ι’

132 686 272 751 iuncti.
315 683 407 751 'l'alis
429 699 539 750 autem
562 696 651 750 esset
684 684 785 749 bomo
799 720 802 727 ·
817 696 852 749 et
884 682 1031 768 placeret
1051 682 1140 764 Deo,
1194 687 1306 765 atrior,
1340 707 1415 752 cum
1443 684 1599 749 divinitas
1628 686 1757 749 coram·
1775 686 2014 770 conspicietur,
2047 697 2082 751 et
2113 685 2178 749 erit

38 798 41 807 ·
158 772 296 859 insuper
317 770 411 836 Deus
433 772 640 836 habitaturus
664 782 757 836 esset
777 773 811 835 in
833 771 895 850 eis,
925 783 959 836 et
980 773 1143 856 tantisper
1194 774 1305 839 omnia
1326 772 1361 836 in
1383 772 1547 836 omnibus.
1593 771 1723 836 lnterea
1756 782 1864 836 tamen
1894 770 2061 837 elementa
2076 770 2177 837 huius
2273 834 2280 843 ,

157 859 197 922 in
227 861 275 923 eis
308 856 491 937 habitabat,
533 859 642 922 dorrec
675 860 812 922 verbum
845 856 913 922 fide
944 859 1140 923 retinebant.
1193 859 1367 925 doctrinae
1388 856 1576 923 inchoanda
1598 868 1687 936 sunt,
1718 870 1756 923 ut
1787 856 1966 923 bonitatem
1994 869 2028 924 et
2048 858 2178 923 miseri·

157 944 243 1009 Nam
266 965 326 1030 per
344 943 494 1009 Verbum
516 957 550 1009 et
571 944 686 1009 Fidem
715 942 844 1009 habitat
865 943 961 1008 Deus
982 945 1015 1008 in
1040 943 1142 1009 homi·
1194 940 1341 1010 cordiam
1373 942 1439 1009 Del
1472 945 1741 1020 consideremus,
1781 953 1815 1007 et
1845 955 1883 1009 ut
1916 945 2101 1009 doctrinam
2134 944 2178 1010 tle

157 1033 269 1109 nibus,
302 1032 394 1096 iuxta
423 1031 546 1095 dictum
579 1027 673 1096 Pauli
706 1032 750 1095 ad
783 1030 971 1115 Ephesios:
1006 1028 1141 1097 Habitat
1192 1043 1335 1117 peccato
1358 1031 1497 1117 originis
1528 1032 1651 1095 rectius
1676 1027 1920 1115 intelligamus,
1951 1031 2107 1117 imaginis
2127 1031 2177 1095 in·

157 1114 313 1184 Christus
341 1104 535 1266 per'Fidem
560 1118 594 1181 in
616 1118 775 1182 cordibus
797 1118 931 1182 vestris.
975 1114 1090 1182 luban.
1109 1118 1140 1182 4.
1192 1118 1334 1205 tegritas
1346 1119 1472 1182 amissa
1481 1128 1545 1195 est,
1562 1129 1597 1181 ut
1610 1136 1685 1181 mox
1698 1117 1862 1182 dicemus.
1887 1113 2062 1181 Caeterum
2074 1117 2177 1202 prod·

31 1242 37 1252 ·
157 1203 196 1269 Si
219 1205 294 1290 quis
316 1204 372 1267 dii
398 1204 422 1267 't
443 1224 507 1281 me,
530 1223 704 1268 sermones
724 1222 818 1268 meos
840 1204 1000 1283 servabit,
1022 1214 1056 1267 et
1077 1203 1141 1287 l’a·
1193 1216 1246 1269 est
1256 1204 1312 1268 bic
1325 1224 1428 1269 nosse
1440 1204 1690 1268 distributiones
1702 1203 1925 1286 potentiarum
1936 1202 2078 1281 animae,
2092 1223 2177 1289 quas

156 1300 210 1355 ter
231 1311 326 1356 rceus
348 1291 380 1354 di
395 1291 454 1376 igit
476 1310 562 1368 eum,
584 1293 678 1354 etad
702 1310 777 1355 eum
800 1291 982 1379 veniemus,
1004 1302 1140 1357 etmau·
1191 1302 1308 1375 petant
1328 1291 1473 1356 iuniores
1491 1290 1584 1355 exiis
1597 1289 1744 1374 scriptis,
1764 1287 1823 1353 ubi
1846 1288 1963 1353 ordine
1984 1291 2177 1355 recitantur.

157 1377 287 1442 sionem
308 1376 396 1462 apud
420 1398 495 1440 eum
517 1372 690 1441 faciemus.

245 1513 424 1601 sicigitur
447 1526 519 1578 erat
550 1513 651 1579 homo
683 1515 792 1600 imago
820 1512 897 1594 Dei,
932 1535 999 1579 non
1034 1511 1142 1579 solum

118 1596 122 1603 “
158 1600 236 1689 (1ἰἱει
257 1611 353 1665 erant
373 1603 406 1665 ³¹¹
429 1598 561 1665 ¹¹⁰¹¹¹³¹¹⁸
582 1597 784 1682 ³⁰¹⁰¹l⁰⁰¹⁰⁸³
806 1598 976 1678 voluntas,
992 1598 1142 1681 ”mh
1192 1623 1269 1707 DE
1298 1620 1483 1707 LAPSU
1519 1618 1824 1705 PRIMORUM
1860 1528 2191 1707 PARENTUM'

158 1687 220 1752 sed
242 1688 341 1751 etiam
363 1688 442 1774 quia
463 1688 497 1750 in
520 1683 690 1752 intellectu
712 1684 861 1773 lulgebat
884 1688 1009 1774 agnitio
1020 1686 1085 1753 Dei
1107 1689 1141 1753 in

157 1771 332 1840 voluntate
356 1788 389 1837 et
412 1774 525 1850 corde,
559 1784 667 1838 motus
691 1786 785 1838 crant
808 1785 1031 1861 congruentes
1065 1795 1140 1840 cum
1305 1778 1376 1862 ΕΤ
1406 1776 1482 1861 ΒΕ
1512 1774 1777 1861 PECCATO
1811 1774 2070 1864 ORIGINIS

156 1858 255 1937 Deo,
288 1860 422 1937 iustitia,
461 1856 598 1938 laetitia,
636 1860 703 1937 imo
739 1861 816 1944 quia
843 1860 916 1945 ipse
952 1859 1048 1926 Deus
1080 1880 1142 1946 per

157 1946 305 2011 Verbum
327 1958 361 2011 et
384 1945 542 2031 Spiritum
577 1959 730 2011 sanctum
762 1947 795 2036 in
824 1947 922 2012 nobis
941 1945 1141 2026 habitasset,

156 2044 192 2099 οἳ
211 2031 418 2098 vivificasset
439 2052 503 2097 nos
1279 1977 1356 2042 Etsi
1389 1954 1457 2043 non
1489 1979 1622 2063 penitus
1654 1978 1855 2063 perspicitur
1881 1973 2035 2058 Creatio,
2066 1989 2179 2045 tamen

1193 2066 1292 2131 etiam
1314 2067 1398 2130 ratio
1421 2062 1582 2130 naturalis
1610 2064 1777 2147 aspiciens
1810 2062 2067 2148 pulcherrimum
2090 2066 2179 2130 crdi-

244 2152 317 2218 Hac
337 2150 478 2237 simplici
491 2154 703 2217 coronatione
718 2152 761 2215 de
777 2153 923 2239 imagine
941 2155 1086 2219 contenti
1098 2154 1142 2219 si·
1194 2172 1270 2217 nem
1292 2172 1470 2236 corporum
1493 2152 1604 2215 mundi
1626 2152 1659 2213 in
1681 2150 1826 2227 hunnine,
1850 2151 1983 2215 notitias
1996 2162 2179 2239 certasnu-

155 2260 242 2319 mus,
253 2240 414 2303 etdictum
423 2235 529 2317 Pauli,
538 2238 662 2303 cumait
672 2236 887 2304 delledovari
896 2240 1070 2325 integinem
1078 2237 1163 2307 Dei'
1193 2258 1371 2316 merorum,
1393 2236 1493 2317 legis,
1516 2249 1548 2302 et
1570 2234 1674 2316 alias,
1696 2238 1921 2316 convincitur,
1943 2249 1981 2303 nt
2001 2234 2098 2302 fateri
2121 2258 2179 2302 eo·

156 2326 191 2391 in
203 2326 300 2391 nobis
311 2320 513 2411 intelligatur
525 2325 568 2403 de
578 2320 883 2389 restitutionelucis
896 2326 1038 2405 divinae,
1049 2326 1142 2395 iusti·
1194 2336 1304 2412 gatru,
1327 2342 1404 2388 esse
1425 2308 1534 2388 Deum
1556 2324 1755 2407 sapientem,
1776 2336 1945 2401 veracem,
1981 2324 2179 2403 beneficum,
2236 2317 2243 2327 “

157 2412 224 2479 tiae
246 2423 280 2476 et
301 2408 448 2478 laetitiae
469 2411 502 2475 in
526 2411 639 2489 uobis,
674 2413 730 2474 in¹
762 2431 806 2476 ua
828 2412 1047 2491 restitutione,
1082 2412 1141 2478 ho·
1194 2415 1336 2493 iustum,
1371 2410 1578 2475 conditorem
1600 2420 1634 2474 et
1654 2406 1815 2488 iudicem,
1836 2428 1879 2475 ao
1900 2406 1980 2474 utile
2001 2420 2054 2475 est
2074 2426 2135 2475 sae

91 2540 94 2545 -
157 2498 264 2564 mines
306 2516 425 2563 rursus
470 2495 554 2561 fiunt
595 2492 719 2581 templa
786 2496 828 2560 ei.
891 2496 988 2563 Grati
1013 2511 1141 2564 autem
1194 2490 1382 2563 testimonia
1414 2492 1561 2582 Physica
1593 2496 1828 2573 considerare,
1856 2497 1923 2561 Sed
1950 2494 2103 2562 doctrina
2158 2516 2178 2563 e

92 2620 95 2625 ·
157 2603 384 2671 agnoscamus
417 2596 452 2649 at
489 2579 700 2648 celebremus
738 2584 933 2650 immensam
962 2584 1142 2651 bonitatem
1194 2583 1294 2667 lapsu
1322 2584 1501 2668 primorum
1521 2593 1714 2667 parentmn,
1748 2591 1781 2647 et
1802 2583 1844 2647 de
1865 2580 2006 2667 peccato
2028 2582 2178 2669 originis,

153 2668 235 2750 Dei,
258 2682 291 2736 et
312 2690 459 2737 amorem
480 2690 562 2755 erga
583 2689 658 2749 nos,
687 2680 721 2735 et
743 2681 906 2754 pentane,
926 2682 964 2738 ιιι
985 2670 1092 2736 Fides
1109 2683 1143 2738 et
1193 2681 1228 2736 et
1250 2672 1293 2735 de
1315 2670 1429 2735 causis
1450 2664 1656 2733 horribilium
1678 2666 1902 2735 calamitatum
1923 2670 1957 2731 ln
1975 2668 2180 2755 generabu-

158 2756 333 2827 Gratitudo
366 2757 520 2823 innubis
554 2757 792 2834 accendantur,
826 2762 865 2823 et'
893 2752 1142 2823 confirmentur.
1193 2776 1293 2821 mano
1325 2752 1457 2841 longius
1536 2756 1613 2843 sita¹
1630 2767 1683 2820 est
1704 2767 1810 2847 extra·-
1823 2768 2042 2859 conspectutn
2062 2754 2179 2821 burna·

157 2844 215 2911 Sic
249 2843 398 2911 condidit
428 2863 493 2907 nos
525 2842 633 2920 Deus,
678 2852 715 2907 ut
746 2862 860 2908 eorum
892 2864 1016 2923 rerum,
1056 2865 1142 2930 quae
1194 2862 1258 2908 nae
1290 2842 1439 2907 rationis.
1490 2776 1669 2907 l’hteiacta
1696 2851 1750 2906 est
1780 2841 1944 2925 igiturne
1965 2840 2178 2907 Ecclesiadu

156 2931 291 2996 suntin
313 2930 388 3015 ipso
422 2930 593 3014 optimae,
612 2925 737 2993 similes
770 2928 804 2993 in
836 2931 935 2995 nobis
969 2932 1142 3010 creaverit,
1194 2930 1330 3010 scriptis
1351 2926 1561 3013 Propheticis
1595 2940 1627 2991 et
1648 2923 1874 3011 apostolicis,
1907 2937 1942 2992 et
1973 2936 2115 2993 tantum-
2133 2948 2178 2995 ex

97 3026 104 3032 '
157 3013 288 3083 scilicet
311 3028 455 3082 mentem
477 3026 511 3080 et
532 3014 739 3099 sapientiam,
768 3011 973 3080 voluntatem
995 3029 1029 3082 et
1049 3018 1141 3081 iusti·
1193 3014 1471 3100 patelactionibus
1516 3012 1635 3080 divinis
1681 3014 1932 3100 cognoscuntur
1965 3012 2178 3101 principales

157 3105 249 3181 dam,
271 3114 305 3165 et
326 3097 491 3167 libertatis
513 3098 723 3178 electionem,
757 3115 931 3185 praeterea
964 3113 1001 3166 ut
1033 3105 1142 3187 scip
1192 3120 1318 3168 causae
1338 3097 1512 3180 melorum,
1534 3111 1569 3166 et
1589 3101 1745 3165 remedia.
1781 3098 1864 3165 llum
1885 3100 2065 3186 aspicimus
2087 3098 2178 3167 cala·

158 3208 233 3253 suun
253 3188 289 3251 in
310 3207 375 3252 nos
398 3184 566 3265 infuderit,
600 3199 632 3250 et
653 3182 796 3252 voluerit
817 3199 962 3253 mutuam
984 3185 1142 3254 laetitiam
1193 3189 1325 3253 unitates
1347 3185 1527 3266 humanas,
1550 3197 1707 3266 mortem,
1728 3188 1883 3265 morbos,
1906 3184 2061 3265 dolores,
2082 3187 2179 3253 innu-

157 3292 238 3338 esse
259 3274 292 3336 in
315 3275 413 3338 nobis
436 3294 530 3338 suam
554 3284 587 3337 et
609 3284 771 3352 nostram,
792 3292 876 3361 ergo
897 3275 1072 3341 verissime
1094 3276 1142 3340 di·
1192 3271 1385 3351 merabiles,
1408 3292 1511 3338 neces
1539 3269 1760 3359 multiplices,
1781 3268 1884 3351 bella,
1905 3274 2102 3361 magnarum
2121 3294 2179 3339 ur·

158 3358 240 3426 lesit
259 3357 427 3427 hominem
448 3360 500 3424 sic
521 3360 701 3424 conditum.
1195 3360 1283 3426 bium
1306 3359 1448 3439 excidia,
1472 3361 1618 3447 genitium
1640 3359 1889 3444 dissipationes,
1912 3361 2176 3441 etvastatioues,

690 3478 695 3487 ·
751 3478 754 3487 ·
1192 3467 1366 3512 monemur
1387 3447 1538 3531 quidem,
1561 3456 1597 3511 ut
1619 3447 1804 3533 cogitemus
1825 3448 1955 3510 tristem
1976 3434 2121 3532 aliquam
2142 3459 2179 3513 et

243 3531 369 3598 Postea
379 3552 498 3598 rursus
511 3534 709 3616 cogitemus,
732 3541 857 3617 quanta
873 3532 1016 3613 bonitas,
1038 3553 1141 3619 quan·
1193 3553 1347 3618 magnam
1375 3552 1513 3597 causam
1534 3552 1613 3597 esse
1634 3544 1801 3611 tantorum
1824 3532 2029 3597 miseriarum
2050 3533 2083 3596 in
2106 3543 2179 3599 tarn

158 3630 213 3685 tus
246 3640 342 3685 antor
380 3620 425 3682 sit
456 3619 489 3682 in
522 3616 607 3683 Filio
640 3616 705 3683 Dei
739 3638 822 3704 erga
853 3638 929 3698 noS,
964 3572 1168 3735 postquami

183 3706 264 3769 rima
287 3702 572 3783 donaamisimus,
605 3706 695 3791 qnod
719 3703 754 3768 lit
776 3707 991 3786 intercessor,
1016 3717 1049 3771 ct
1069 3704 1142 3772 vult
1193 3727 1246 3771 ma
1268 3718 1303 3771 et
1347 3707 1497 3771 ctissime
1520 3726 1634 3785 causa
1657 3724 1724 3771 non
1747 3706 1812 3771 scit
1833 3705 1977 3771 humana
1998 3708 2086 3771 ratio
2103 3707 2179 3771 'sine

157 3726 247 3856 banc
266 3789 499 3868 humilitatem,
528 3803 564 3857 ut
585 3802 738 3857 assumat
764 3790 945 3856 humanam
975 3804 1141 3874 naturam,
1192 3795 1297 3859 verbo
1354 3794 1396 3871 ei,
1420 3789 1533 3858 Voluit
1554 3805 1665 3857 autem
1687 3790 1802 3871 Deus,
1831 3784 1893 3856 has
1916 3804 2026 3858 tuntas
2048 3812 2177 3878 poenas

158 3888 283 3965 quanta
305 3878 383 3940 item
404 3878 631 3942 misericordia
664 3889 714 3941 est
763 3879 797 3942 in
841 3889 912 3942 tota
956 3879 1141 3959 divinitate,
1193 3879 1534 3945 commonefactiones
1557 3898 1635 3944 esse
1657 3880 1701 3945 de
1720 3898 1784 3943 suo
1801 3878 2128 3959 iudicio,.deVerbo
2142 3889 2178 3945 et

144 3964 249 4050 ¹quod
272 3961 374 4026 Filius
398 3964 610 4028 constituitur
632 3963 808 4041 Mediator,
841 3976 875 4029 et
907 3982 1043 4049 propter
1064 3954 1141 4030 emh
1194 3968 1237 4032 de
1257 3967 1361 4031 misso
1379 3965 1589 4031 Redcmtore.
2228 3990 2231 3995 ’

157 4049 317 4134 recipitur
334 4069 441 4135 genus
459 4047 647 4123 humanum.
679 4062 712 4114 et
733 4070 849 4123 rursus
872 4047 972 4115 homo
995 4056 1030 4116 lit
1063 4053 1169 4169 tem-¹

157 4133 248 4222 plum
272 4134 349 4215 Dei,
383 4145 417 4199 et
451 4146 607 4199 aeternus
637 4135 748 4213 Pater,
782 4148 815 4201 et
848 4135 951 4203 Filius
983 4135 1169 4224 copulanti
1281 4136 1348 4203 Sed
1372 4135 1567 4223 Philosophi
1590 4149 1758 4226 utcunque
1780 4139 1950 4202 intuentur
1970 4137 2177 4223 propinquas

157 4242 222 4287 nos
243 4224 287 4289 ibi
311 4222 336 4287 S
360 4223 436 4287 initu
459 4233 589 4299 sancto,
623 4223 678 4306 qui
712 4233 765 4286 est
797 4243 891 4286 amor
936 4235 970 4289 et
1014 4223 1140 4289 laetitia
1163 4209 1169 4247 ¹
1195 4246 1329 4303 causas,
1361 4245 1427 4288 non
1461 4226 1612 4309 primam,
1647 4225 1759 4290 dicunt
1791 4234 1932 4288 mortem
1961 4237 1994 4289 et
2026 4226 2177 4304 morbos,

158 4244 397 4386 substantialis,
427 4328 514 4393 quae
536 4309 691 4371 divinitas
713 4328 776 4371 nos
798 4306 915 4394 diligit,
938 4326 970 4375 et
995 4312 1141 4376 vicissim
1194 4311 1271 4394 oriri
1295 4332 1315 4376 a
1337 4312 1492 4389 materia,
1523 4322 1715 4375 curantem
1737 4310 1875 4375 materia
1896 4308 2064 4374 hominum
2087 4332 2178 4376 nunc

157 4397 311 4459 accendit
334 4397 488 4460 laetitiam
507 4406 540 4459 et
563 4415 678 4460 omnes
701 4396 839 4459 virtutes
863 4398 895 4460 in
917 4398 1026 4462 nobis.
1050 4396 1141 4462 llaec
1193 4396 1314 4462 habeat
1339 4394 1423 4461 tales
1446 4398 1551 4476 vices,
1574 4395 1691 4482 quales
1712 4397 1815 4463 habet
1835 4396 1974 4462 materia
1985 4396 2177 4481 plantarum
2195 4438 2203 4451 ·

158 4483 346 4546 testimonia
370 4483 520 4547 immensi
546 4483 668 4547 amoris
710 4482 855 4566 quotidie
897 4485 1142 4548 consideranda
1192 4497 1250 4551 aut
1267 4484 1441 4569 pecudum,
1463 4504 1530 4548 non
1553 4484 1676 4549 dicunt.

159 4577 250 4639 sunt,
273 4580 307 4632 et
324 4571 503 4651 petendum
536 4581 600 4648 est,
632 4582 670 4634 ut
689 4570 723 4634 in
746 4569 843 4633 nobis
867 4568 967 4633 Fides
1000 4581 1034 4635 et
1056 4571 1141 4635 Gra·
2037 4614 2040 4619 -

159 4652 265 4716 titudo
289 4667 432 4719 crescat.
790 4728 794 4737 ‚
1278 4654 1403 4720 Dicunt
1419 4657 1498 4720 item
1518 4654 1622 4722 multa
1644 4652 1731 4719 mala
1753 4656 1883 4721 accersi
1904 4652 2177 4723 liberavolunta·

1094 4760 1097 4767 '
1192 4755 1226 4807 te
1247 4743 1427 4819 hominum,
1449 4744 1510 4807 sed
1534 4763 1600 4806 non
1618 4743 1801 4808 ostendunt
1822 4762 1976 4823 causam,
2001 4763 2068 4821 cur·
2082 4755 2177 4809 tanta

246 4821 455 4909 Augustinus
475 4828 528 4893 sic
551 4839 684 4893 enarrat
716 4827 910 4914 imaginem,
944 4839 980 4892 ut
1014 4840 1140 4892 tantum
1191 4830 1236 4894 sit
1257 4824 1466 4893 imbecillitas
1491 4825 1682 4909 voluntatis,
1705 4840 1739 4893 et
1761 4830 1849 4894 unde
1872 4829 1915 4892 sit
1936 4830 2105 4895 discordia
2124 4850 2177 4895 re·

183 4911 327 4973 otentias
360 4927 521 4991 numeret,
556 4927 590 4979 et
622 4916 852 4979 accommodet
885 4914 928 4978 ad
962 4935 1139 4999 personas,
1190 4919 1234 4980 cti
1257 4916 1365 4979 iudicii
1390 4928 1424 4979 et
1448 4917 1678 5000 cupiditatum,
1711 4915 1859 4981 horribili
1881 4918 2003 5001 impetu
2027 4937 2068 4999 pu
2096 4936 2177 4979 nan·

158 4931 261 5092 l'ater
281 5008 438 5061 aeternus
460 5012 512 5063 est
530 5011 566 5065 nt
589 5021 694 5078 mens,
723 4998 827 5065 Filius
850 5011 885 5065 ut
906 5002 1015 5087 imago
1047 5002 1138 5087 cogi·
1191 5005 1270 5067 tium
1293 5021 1366 5067 cum
1388 5014 1481 5089 recto
1503 5003 1638 5068 iudicio.
1683 5001 1776 5066 llaec
1797 5000 1872 5068 sola
1896 4936 2192 5067 doornnatlccte·

159 5093 286 5149 tattone
308 5084 431 5170 genita,
453 5084 598 5169 Spiritus
619 5098 773 5167 sauctus,
804 5098 842 5154 ut
874 5083 1043 5167 colunes,
1076 5088 1139 5155 sed
1189 5089 1263 5155 siae
1285 5088 1599 5176 exprimiteprimam
1620 5102 1655 5155 et
1675 5086 1891 5176 principalem
1913 5110 2051 5157 caumm
2070 5089 2176 5155 omni·
2220 5112 2226 5123 ·

1192 3620 1375 3715 praestanti
1397 3630 1513 3683 natura
1537 3621 1671 3706 generis
1692 3618 1840 3696 humani,
1861 3619 1921 3682 sed
1939 3622 2027 3705 quae
2046 3622 2091 3685 sit
2111 3620 2178 3704 pri·
2293 3676 2298 3687 .
