4628 5588
779 167 825 232 V.
853 165 1123 233 explicante
1147 165 1346 233 SYttBtttt
1367 165 1527 233 tricent.
1624 200 1628 211 ·

145 169 211 239 ttt

222 360 344 427 -Prima
366 371 418 425 est
439 360 630 431 mandatum
650 356 726 423 Dei.
769 359 854 423 Nam
876 360 982 424 omnis
1001 369 1130 435 creatu·

1265 356 1338 423 Hae
1361 368 1504 443 quatuor
1525 378 1649 422 causae
1671 330 1738 423 sinl
1754 359 1960 439 notissimae,
1993 371 2027 425 et
2047 362 2160 451 singu·

148 469 185 513 ra
207 444 382 513 rationalis
404 447 505 511 debet
527 446 749 511 obedientiam
770 443 857 517 Deo.

1178 441 1232 509 los
1254 444 1296 508 ad
1318 464 1465 508 amorem
1487 441 1681 528 disciplinae
1698 442 1883 510 hortentur.
1933 445 1986 511 De
2008 445 2061 512 his
2084 470 2163 514 cau.

1179 531 1226 594 sis
1250 543 1282 594 et
1294 526 1420 595 Paulus
1442 526 1599 614 loquitur,
1622 551 1696 595 cum
1718 531 1935 617 iniquia-hex
1956 536 2009 603 θεῖ
2031 534 2161 601 iniustis

233 618 403 696 Secunda,
426 618 470 683 Ut
492 620 637 683 vitentur
658 636 786 702 poenae
806 616 1012 701 corporales.
1035 616 1128 683 Haec
1179 619 1301 703 posita,
1323 617 1355 680 id
1378 630 1442 694 est,
1467 629 1551 694 rata,
1575 630 1608 680 et
1630 620 1747 701 premit
1768 637 1828 681 eos
1874 619 1961 682 unad
1979 633 2161 720 praecepta

146 717 198 773 est
219 701 444 789 enim-regula
468 706 594 770 divina:
617 704 757 789 Atracia
779 701 900 769 delicta
921 704 1029 787 puniri
1041 715 1137 768 atro·
1179 715 1213 768 et
1235 704 1278 767 ad
1300 722 1427 785 poenas
1451 704 1578 768 attinet.
1622 704 1696 767 Non
1721 705 1847 767 dubitet
1892 706 2032 769 omicida
2054 720 2161 771 ratam

146 794 242 859 cibus
276 792 511 875 poenisetiam
534 789 761 863 innuerim,
794 791 884 855 iuxta
908 788 993 855 baec
1022 790 1128 854 dicta:
1179 809 1258 855 esse
1282 809 1398 854 vocem
1422 790 1464 853 de
1485 809 1607 876 poena,
1630 787 1694 862 Qui
1717 787 1863 875 gladium
1885 794 2066 876 acceperit,
2089 790 2160 880 gla-

146 878 211 953 Qui
245 876 392 963 gladium
425 878 610 962 acceperit,
643 874 756 962 gladio
790 877 921 959 peribit.
965 877 1040 941 Vae
1072 876 1128 960 qui
1179 877 1234 939 dio
1255 876 1384 958 peribit.
1428 875 1520 955 ltem,
1543 872 1614 940 Lex
1635 887 1688 940 est
1710 878 1787 941 data
1814 892 1950 962 propter
1972 882 2161 965 transgres-

145 961 285 1049 spolias,
309 965 386 1048 quia
408 961 618 1047 spoliaberis.
651 963 767 1026 Omnis
790 963 910 1043 anima,
933 984 1019 1049 quae
1042 959 1128 1027 fece·
1179 962 1302 1045 siones,
1325 958 1455 1027 scilicet
1472 962 1676 1027 coercendas
1698 963 1732 1027 in
1753 963 1819 1027 lrae
1840 958 2007 1051 corporali
2029 965 2106 1030 vita.

146 1052 190 1116 rit
222 1049 285 1115 bas
307 1051 583 1127 abominationes,
616 1058 786 1114 evometur
819 1069 860 1113 ex
888 1060 990 1114 terra.
1036 1048 1128 1113 Haec
1681 1086 1689 1101 ·

146 1138 235 1203 dicta
267 1156 350 1202 vera
379 1156 458 1201 esse
491 1147 655 1201 testantur
687 1135 843 1199 assiduae
866 1133 1074 1201 calamitates
1095 1135 1128 1198 in
1266 1131 1464 1218 Quanquam
1496 1132 1605 1199 autern
1640 1132 1728 1200 hanc
1750 1147 1918 1202 externam
1941 1133 2161 1222 disciplinam,

146 1233 352 1309 totogenere
367 1220 526 1301 humano,
547 1222 667 1299 morbi,
688 1221 887 1300 discordiae,
910 1222 1053 1306 inopiae,
1076 1240 1128 1285 se-
1178 1221 1211 1285 id
1234 1230 1299 1298 est,
1322 1220 1594 1306 gubernationem
1614 1218 1848 1302 locomotivae,
1871 1243 1914 1287 ne
1930 1221 2011 1289 fiant
2023 1236 2162 1289 externa

147 1309 300 1387 ditiones,
325 1305 425 1387 bella,
449 1309 567 1393 tragici
578 1310 697 1386 exitus,
722 1305 926 1373 calamitates
948 1309 981 1372 in
997 1304 1128 1387 sobole,
1178 1303 1269 1372 faeta
1293 1319 1408 1371 contra
1437 1305 1584 1394 Legem,
1618 1306 1782 1374 lrunranae
1806 1309 1894 1373 vires
1917 1312 2014 1374 etiam
2036 1311 2069 1375 ln
2092 1304 2160 1376 rr'ou

147 1407 181 1460 et
213 1391 299 1460 aliae
333 1390 591 1459 innumerabiles
614 1414 755 1479 poenae,
777 1415 863 1479 quae
885 1405 964 1458 sunt
984 1414 1128 1458 commo·
1178 1394 1304 1458 renatis
1327 1389 1439 1477 aliquo
1462 1394 1560 1457 nrodo
1584 1391 1720 1467 efficere
1742 1407 2040 1482 possunt,.tamen
2062 1394 2161 1463 simul

145 1478 354 1547 nefactiones
376 1479 572 1545 manifestae
601 1481 642 1545 de
664 1481 714 1545 ira
735 1477 800 1544 Dei
823 1481 987 1547 adversus
1009 1500 1128 1563 pecea-
1178 1479 1348 1544 sciendum
1371 1492 1433 1562 est,
1457 1478 1544 1544 lranc
1565 1474 1750 1546 libertatem
1773 1483 1902 1547 duabus
1925 1480 2035 1547 causis
2057 1502 2161 1568 saepe

146 1580 227 1634 tum.
271 1565 350 1633 ldeo
379 1578 411 1630 et
437 1568 527 1651 apud
549 1566 710 1631 Etlmicos
740 1566 920 1635 recitantur
942 1567 1128 1631 sententiae
1178 1562 1328 1649 impediri
1361 1566 1489 1631 insidiis
1521 1562 1675 1646 Diaboli,
1707 1580 1739 1631 et
1773 1565 1998 1633 imbecillitate
2027 1581 2162 1635 nostrae

147 1666 373 1740 congruentes
395 1652 478 1739 Legi
502 1650 583 1731 Dei,
605 1673 691 1737 quae
713 1665 747 1717 et
767 1674 788 1717 a
811 1651 963 1717 Patribus
985 1653 1128 1731 traditae
1177 1662 1327 1729 naturae,
1349 1673 1414 1737 qua
1437 1650 1486 1733 fit,
1510 1664 1546 1717 ut
1567 1673 1669 1738 saepe
1691 1653 1841 1719 homines
1865 1667 1983 1719 contra
2004 1654 2161 1721 indicium

146 1755 238 1817 sunt,
260 1749 294 1803 et
305 1740 521 1804 confirmatae
542 1754 621 1804 sunt
641 1740 833 1824 quotidiana
855 1733 1069 1824 experientia,
1093 1750 1128 1803 ut
1178 1739 1295 1803 mentis
1318 1734 1449 1821 impulsi
1472 1736 1647 1803 affectibus
1668 1752 1766 1805 ruant
1788 1737 1975 1819 inscelere,
1995 1738 2161 1805 sicutllle·

143 1827 233 1911 apud
244 1824 432 1904 Homerum,
454 1822 490 1889 orl
512 1823 569 1912 yolo
587 1830 708 1906 σχέτλια
730 1827 802 1911 ἔργα
826 1831 897 1890 θεοῖ
918 1824 1052 1912 μάκαρες
1075 1849 1143 1909 pe,
1179 1826 1242 1890 dea
1263 1824 1383 1909 inquit:
1419 1823 1525 1889 Video
1549 1822 1686 1890 meliora
1711 1828 1899 1913 proboque,
1922 1827 2086 1891 deteriora
2109 1846 2160 1893 se·

145 1917 253 1992 λέουσι,
286 1923 321 1977 θῖ
342 1914 430 1997 apud
453 1912 633 1977 Pindarum
655 1917 733 1974 uva.
759 1910 788 1993 f.

275 2089 334 2149 ἐπὶ
350 2089 406 2164 μὲν
426 2085 553 2149 θνατῶν
574 2090 678 2168 φρένες
699 2022 847 2168 &liteque

276 2169 381 2256 κέρδος
403 2173 528 2249 αἰνῆσαι
544 2170 606 2256 πρὸ
629 2169 715 2244 δίκας
733 2169 851 2250 δίλιον,

276 2265 415 2342 τραχεῖαν
435 2256 585 2343 ἑρπόντων
606 2255 685 2343 πρὸς
704 2256 833 2342 lnlflfar
854 2253 948 2336 ὅμως.

233 2513 307 2579 Ηοθ
327 2515 480 2581 iudicium
502 2515 535 2578 in
557 2513 623 2579 hac
643 2516 713 2580 vita
734 2512 901 2599 corporali
911 2512 1007 2579 Deus
1029 2534 1128 2600 regu·

145 2598 258 2667 lariter
291 2614 425 2666 exercet
457 2601 622 2666 arlrersus
651 2622 767 2671 omnes
789 2613 925 2680 sontes,
956 2601 1034 2685 quia
1056 2596 1128 2667 vult

75 2742 78 2747 .
146 2688 298 2772 conspici
332 2687 523 2753 testimonia
556 2687 627 2751 irae
648 2702 729 2751 suae
752 2689 917 2751 adversus
939 2698 1125 2770 peccatum.

145 2773 187 2839 Et
208 2793 397 2860 quanquam
414 2772 479 2851 his,
502 2774 559 2858 qui
576 2784 823 2851 convertuntur,
837 2774 970 2836 remittit
982 2770 1126 2857 culpam,

145 2871 180 2924 et
196 2857 284 2924 tollit
306 2879 446 2943 poenam
465 2873 653 2937 aeternam,
687 2871 796 2923 tamen
819 2878 947 2947 poenas
970 2878 1127 2942 corpora·

142 2943 197 3011 les
219 2967 286 3010 non
305 2965 437 3029 semper
459 2943 578 3022 aufert,
600 2966 703 3030 saepe
724 2957 834 3010 autern
858 2946 1032 3010 conversis
1045 2944 1127 3008 miti·

145 3045 222 3117 gat,
254 3044 291 3096 ut
308 3031 411 3097 Zaclr.
448 3033 476 3095 l.
511 3033 644 3095 dicitur:
685 3030 920 3096 Convertimini
953 3034 996 3097 ad
1020 3052 1070 3095 me
1094 3040 1128 3095 et

145 3138 210 3204 ego
232 3130 411 3183 convertar
427 3118 470 3183 ad
493 3138 567 3183 vos.
611 3117 655 3183 Et
677 3118 789 3183 Oscae
814 3118 864 3181 10.
909 3118 984 3184 Non
1007 3114 1126 3182 faciam

49 3258 55 3267 .
145 3201 291 3270 furorem
313 3205 382 3269 irae
404 3224 510 3283 meae,
534 3208 609 3290 quia
632 3202 726 3268 Deus
749 3224 813 3292 ego
843 3224 928 3269 sum.
972 3188 1125 3290 Syracld.

146 3290 195 3355 ltt
239 3289 423 3355 Effundens
444 3291 526 3357 iram
554 3292 736 3369 secundum
765 3291 1038 3371 misericordiam.
1081 3293 1126 3356 le·

145 3377 265 3442 remias
284 3378 317 3441 in
339 3375 498 3443 Tbrenis:
518 3375 770 3442 Misericordiae
781 3374 928 3455 Domini,
950 3378 1040 3462 quod
1058 3395 1124 3439 non

144 3464 311 3530 consumti
336 3484 462 3528 sumus.
508 3463 589 3529 ltem
611 3463 754 3528 Abacuc
776 3463 808 3528 3.
852 3461 888 3527 ln
918 3463 968 3527 ira
1000 3461 1126 3526 miseri·

98 3560 107 3571 ”
144 3550 279 3617 cordiae
300 3550 502 3614 recordaris.

230 3717 342 3786 Tertia
364 3741 480 3801 causa,
512 3733 649 3807 propter
681 3741 781 3806 quarn
814 3717 989 3804 disciplina
1010 3738 1127 3784 neces·

143 3807 235 3873 saria
267 3819 331 3887 est,
362 3805 518 3874 videlicet
550 3808 738 3873 necessitas
770 3809 912 3873 tuendae
942 3806 1126 3871 eommunis

142 3895 249 3978 pacis,
271 3891 357 3967 Quia
368 3894 456 3959 hanc
468 3895 624 3961 iustitiam
647 3895 812 3963 communi
834 3895 1002 3959 bominum
1019 3893 1126 3957 socie·

143 3978 203 4047 tati
225 3982 396 4060 debemus,
418 3990 455 4045 nt
475 3979 562 4045 alios
583 4001 652 4045 non
674 3978 849 4047 laedamus
868 3981 1001 4049 iniuste.

1179 1931 1274 1996 quor.

1264 2080 1405 2147 Miratur
1431 2080 1660 2168 Philosophia,
1689 2085 1777 2149 unde
1805 2085 1849 2149 sit
1877 2095 1968 2150 tanta
1988 2083 2160 2149 infirmitas
2266 2076 2270 2081 ’

1178 2170 1211 2234 in
1234 2165 1383 2247 homine,
1417 2180 1453 2233 nt
1474 2168 1614 2234 affectus
1636 2181 1729 2235 tanto
1750 2170 1873 2256 impetu
1894 2181 2080 2258 repugnent
2102 2191 2160 2235 no-

1123 2314 1126 2319 .
1178 2255 1257 2320 titiis
1278 2267 1371 2320 recta
1392 2254 1597 2320 iubentibus:
1632 2257 1760 2343 quaerit
1777 2258 1896 2342 igitur,
1929 2256 2009 2342 quid
2030 2258 2074 2321 sit
2095 2256 2159 2323 vlr-

1179 2352 1247 2418 tus,
1281 2354 1313 2405 et
1347 2360 1389 2404 an
1422 2342 1577 2407 virtutem
1609 2342 1753 2407 humana
1785 2340 1955 2430 diligentia
1986 2344 2160 2431 assumere

1178 2429 1298 2513 possit,
1321 2426 1406 2492 sicut
1428 2427 1585 2511 pictoreS,
1608 2430 1742 2506 musici,
1770 2441 1861 2494 artes
1884 2450 1963 2495 snas
1986 2440 2161 2494 assumunt

1179 2515 1356 2578 exercitiis.
1401 2510 1526 2579 Paulus
1560 2512 1765 2600 disciplinam
1798 2515 1945 2580 nominat
1974 2537 2077 2601 opera
2098 2515 2161 2579 Le-

1179 2600 1243 2685 gis,
1265 2601 1297 2664 id
1321 2609 1384 2678 est,
1406 2601 1556 2666 actiones
1578 2613 1745 2680 externas,
1774 2623 1861 2688 quae
1883 2602 1966 2667 liunt
1987 2600 2161 2668 locomoti·

1179 2708 1221 2751 va
1244 2687 1352 2751 ciente
1375 2697 1432 2749 aut
1452 2684 1607 2751 frenante
1630 2702 1769 2751 externa
1792 2689 1956 2767 membra,
1979 2702 2011 2753 et
2034 2690 2160 2791 regitur

1178 2768 1379 2836 locomotiva
1402 2772 1603 2858 cogitatione
1626 2785 1660 2837 θῖ
1681 2775 1818 2857 imperio
1833 2770 2024 2852 voluntatis,
2047 2787 2159 2839 etram-

1178 2859 1208 2921 si
1242 2879 1302 2922 cor
1330 2856 1435 2937 babet¹
1454 2860 1639 2923 contrarios
1663 2860 1823 2938 afl'eetuS,
1850 2870 1887 2925 ut
1908 2882 1984 2926 eum
2006 2854 2159 2925 Achilles

1178 2955 1455 3025 revocaturanus,
1478 2964 1521 3009 ne
1543 2943 1740 3010 interficiant
1751 2946 2046 3031 Agamemnonem.
2067 2944 2160 3013 Haec

1178 3046 1315 3096 externa
1338 3031 1520 3094 moderatio
1543 3029 1580 3096 frt
1597 3032 1801 3120 cogitatione
1829 3045 1862 3097 et
1882 3032 2019 3117 imperio
2043 3024 2159 3113 volun·

1178 3119 1256 3183 tatis
1279 3117 1387 3181 ciente
1405 3119 1564 3199 membra,
1586 3131 1619 3182 et
1642 3132 1751 3184 tamen
1774 3120 1901 3185 interea
1922 3122 1955 3185 in
1978 3119 2081 3184 eorde
2091 3138 2160 3191 ma·

1179 3226 1279 3291 gnum
1304 3216 1356 3269 est
1377 3203 1450 3268 irae
1468 3204 1666 3271 incendium.

1264 3376 1420 3441 Nominat
1442 3376 1540 3441 etiam
1562 3373 1687 3441 Paulus
1709 3373 1787 3441 talin
1810 3396 1912 3462 opera
1934 3375 2098 3455 theram,
2125 3376 2159 3441 id

1178 3473 1242 3539 est,
1276 3463 1497 3547 cogitationes
1520 3474 1673 3547 tanquam
1696 3465 1803 3547 pictas
1825 3464 1857 3527 in
1881 3464 2039 3543 cerebro,
2097 3482 2159 3528 uae
2249 3512 2251 3519 .

1177 3569 1246 3613 non
1279 3561 1357 3612 sunt
1389 3550 1457 3613 vita
1480 3560 1514 3614 et
1534 3550 1674 3633 Spiritus
1695 3548 1803 3613 sancti
1825 3560 1947 3630 motus,
1981 3568 2043 3614 seu
2098 3567 2159 3614 eus

1178 3652 1317 3701 movens
1341 3654 1412 3698 cor.

1264 3798 1380 3891 'fypus
1402 3817 1454 3871 θεῖ
1475 3803 1637 3871 illustrior
1658 3805 1700 3871 de
1722 3801 1804 3871 folio
1832 3804 1906 3887 fici,
1923 3806 2024 3891 ¹sicot
2044 3802 2160 3873 folium
2216 3823 2221 3851 ¹

1178 3905 1305 3957 tantum
1336 3888 1420 3957 foris
1453 3893 1534 3979 tegit
1560 3903 1671 3959 motus
1692 3892 1899 3958 inordinatos
1916 3892 2158 3959 'membrorumr

1177 3981 1232 4045 Sic
1255 3979 1359 4044 rectio
1381 3976 1603 4044 locomotivae
1626 3990 1678 4043 est
1701 3992 1915 4045 externonrm
1937 3981 2160 4047 membrorum

1151 4078 1154 4090 '
1178 4061 1419 4149 qualiscunque
1450 4060 1604 4129 frenatio.
1648 4062 1685 4131 Si
1714 4086 1779 4151 qua
1801 4066 1902 4153 igitur
1919 4078 1979 4131 cst
1995 4064 2101 4130 virtus
2123 4063 2155 4130 in

230 4152 358 4225 Quarta
375 4171 479 4216 causa
501 4149 601 4216 valde
622 4154 763 4237 insignis
787 4164 865 4230 est,¹
885 4154 927 4217 de
950 4172 1017 4237 qua
1038 4148 1123 4216 Pau·
1177 4152 1310 4215 homine
1343 4172 1409 4215 non
1432 4162 1560 4230 renato,
1594 4163 1646 4216 est
1668 4151 1767 4218 valde
1791 4150 1897 4229 exilis,
1920 4164 2057 4217 econtra
2080 4149 2159 4215 vitia

69 4274 73 4282 ·
142 4235 198 4304 lus
219 4239 345 4322 inquitt
368 4236 439 4301 Lex
461 4242 513 4302 est
529 4239 737 4323 paedadogia
758 4239 791 4303 in
804 4238 985 4317 Christum,
1008 4238 1039 4302 id
1062 4247 1125 4318 est,
1177 4233 1277 4304 valde
1305 4238 1487 4321 conspicua
1510 4250 1606 4318 sunt,
1640 4260 1726 4324 quae
1748 4250 1826 4304 sunt
1846 4237 2004 4316 affectus,
2036 4238 2157 4315 idest,

144 4325 189 4389 sit
211 4326 337 4389 directa
359 4320 532 4407 disciplina
555 4345 622 4390 non
644 4337 772 4389 tautum
793 4328 835 4389 ad
858 4326 961 4389 decus
974 4322 1126 4395 Philoso·
1147 4335 1155 4375 t
1177 4322 1328 4389 flammae
1348 4323 1555 4388 inordinatae
1577 4326 1610 4389 in
1633 4325 1749 4402 corde,
1794 4337 1833 4390 ut
1855 4344 1950 4388 arnor
1971 4324 2004 4388 in
2017 4320 2158 4403 Davide,

80 4469 85 4480 .
142 4409 274 4495 plricum
307 4421 340 4475 et
362 4411 405 4473 ad
427 4430 543 4494 pacem
567 4412 748 4477 communis
776 4412 966 4490 societatis,
999 4410 1060 4476 sed
1084 4410 1126 4474 ad
1178 4407 1233 4476 vel
1266 4421 1344 4473 sunt
1376 4406 1594 4493 impulsiones
1615 4405 1833 4475 Diabolorum
1855 4430 1917 4474 seu
1939 4410 2000 4494 ipsi
2022 4404 2159 4474 Diaboli
2189 4450 2200 4465 ·

143 4496 235 4562 hunc
256 4494 353 4561 finem
375 4497 594 4581 potissimum,
615 4511 652 4563 ut
674 4498 788 4562 doceri
810 4496 962 4564 homines
979 4494 1125 4562 deChri-
1176 4492 1383 4580 impellentes
1406 4495 1567 4561 infirmam
1589 4509 1750 4562 naturam.
1795 4495 1840 4561 Ut
1873 4495 1985 4561 odium
2006 4482 2158 4575 ln'Cain,

143 4595 199 4647 sto
219 4583 360 4667 possint.
406 4581 582 4659 Quoenodo
611 4584 699 4649 enim
720 4583 808 4649 inter
835 4584 971 4663 assidua
993 4581 1127 4648 latroci·
1177 4579 1293 4661 Saule,
1314 4595 1346 4647 et
1369 4580 1627 4648 innumerabiles
1647 4583 1789 4670 impetus
1801 4580 1879 4647 mali
1891 4592 2011 4647 eontra
2021 4578 2159 4667 oropyq'r,

144 4670 199 4734 nia
225 4670 404 4755 propagari
437 4669 589 4735 doctrina
621 4682 741 4755 potest.
789 4668 969 4733 Praeterea
998 4680 1126 4735 certum
1178 4688 1263 4754 quae
1287 4667 1397 4733 adhue
1418 4668 1546 4754 reliqua
1568 4681 1622 4734 est
1642 4670 1675 4733 in
1695 4682 1813 4734 natura
1830 4681 1907 4755 post
1928 4666 2073 4754 lapsum,
2095 4664 2159 4733 ori*

50 4832 54 4841 ι
145 4768 208 4834 θεῖ,
243 4758 379 4840 eosqui
401 4758 674 4839 perseverantia
697 4751 884 4820 sceleribus
907 4765 1024 4820 contra
1048 4775 1126 4820 con·
1177 4766 1278 4820 untur
1300 4752 1525 4840 principaliter
1546 4775 1567 4819 a
1589 4751 1762 4833 Diabolis,
1796 4755 1851 4840 qui
1874 4756 1952 4821 odio
1975 4752 2040 4819 Dei
2062 4773 2158 4905 {ras-

144 4843 331 4919 seientiam‚
365 4862 574 4926 nequaquam
603 4862 790 4907 conversos
824 4860 902 4910 esse
933 4843 976 4906 ad
999 4838 1125 4905 Deum:
1178 4853 1305 4918 santur,
1326 4852 1362 4906 ut
1384 4842 1558 4905 maximam
1582 4837 1817 4907 multitudinem
1829 4840 1996 4907 hominum
2007 4861 2068 4927 per
2091 4852 2160 4918 ant,

145 4927 230 5001 Quia
250 4945 353 5010 saepe
375 4930 515 5010 repetita
538 4940 590 4992 est
612 4927 697 4993 haec
719 4928 904 4992 sententiat
926 4928 978 4993 Ne
997 4927 1126 5007 erretis,
1177 4927 1267 4991 iuxta
1290 4926 1394 4993 dieta:
1417 4926 1544 4993 Circuit
1559 4925 1726 4993 Diabolus
1748 4939 1906 5013 tanquam
1916 4926 1987 4995 Leo
2011 4926 2159 5013 rugiens,

144 5011 373 5093 Scortatores,
404 5012 551 5094 bloeclri,
584 5012 778 5081 Homicidae
810 5033 884 5079 non·-
906 5013 1128 5098 possidebunt
1178 5033 1343 5101 quaerens
1373 5032 1471 5098 quem
1504 5012 1652 5079 devoret.
1703 5010 1745 5079 Et
1779 5012 1912 5100 Ephesi
1937 5015 1971 5079 f.
2023 5006 2158 5079 Diaboll

145 5118 289 5185 regnum.
305 5095 381 5165 Dei.
405 5150 417 5165 ..
680 5128 685 5137 ·
1177 5110 1257 5165 sunt
1277 5096 1435 5167 efficaces
1456 5099 1491 5165 ln
1513 5098 1634 5184 impiis,
1655 5101 1743 5166 sicut
1763 5099 1805 5167 de
1825 5100 1906 5169 luda
1926 5100 2060 5167 dicitur:
2100 5094 2158 5167 δι’·

2059 170 2230 249 -54ἳ,

2213 1518 2220 1547 f
