4628 5588
145 158 212 231 ω
738 160 750 171 ’·
779 156 892 227 rma
914 156 1019 226 meu
1036 144 1225 227 scurra
1241 155 1522 225 nonnanes
1634 164 1658 191 -,
1914 122 1919 223 ᾖ
2089 155 2158 226 rte

145 358 284 438 propter
304 367 369 415 nos
390 351 552 434 seriptum
579 359 651 429 est,
684 360 719 414 et
748 350 848 414 nobis
870 361 1041 415 servatum
1063 360 1127 428 est,
1176 370 1198 414 a
1262 359 1373 414 mento
1395 348 1502 413 obiter
1522 345 1611 413 hauc
1632 365 1703 412 rem
1723 347 1906 432 attingunt,
1927 348 1990 413 sed
2010 366 2079 412 non
2100 355 2158 415 ort

145 448 180 502 et
201 446 341 521 propter
361 454 426 499 nos
449 436 611 501 rccltatur
632 444 666 499 et
681 447 817 520 propter
833 448 990 520 posteros
1008 436 1127 500 recita·
1177 437 1210 501 iu
1234 435 1353 499 icunda
1385 435 1586 499 coniecturis
1619 432 1703 497 haec
1725 452 1845 511 causa,
1873 446 1967 499 certa
1999 445 2034 498 et
2060 430 2158 503 clara

95 517 104 539 '
145 522 246 601 bltur,
269 532 303 586 ct
324 522 434 586 doneo
453 517 604 586 seculum
627 520 770 600 finiatur,
792 540 926 586 sursum
948 519 1126 586 estDomi·
1176 521 1364 586 testimonia
1385 516 1585 604 proferenda
1606 531 1702 598 sunt,
1734 539 1776 584 ex
1802 520 1922 625 quihus
1944 519 2068 583 veteris
2090 517 2156 585 lle·

144 626 221 686 uus,
255 608 317 672 sed
350 607 447 671 etiarn
480 604 535 672 hic
568 618 621 672 est
651 608 776 672 veritus
809 607 955 687 Domini,
995 605 1127 691 Corpus
1177 603 1302 673 elesino
1329 607 1524 671 sententiam
1550 602 1758 692 colligamos.
1801 607 1837 669 bi
1859 606 1893 670 in
1915 602 2076 691 religione
2096 624 2157 670 ra·

144 694 234 758 enlm
254 691 401 772 Domini,
434 692 466 756 in
496 712 564 778 quo
585 694 781 773 resurrexit.
804 694 837 758 iu
859 714 926 758 unu
949 691 1027 758 loco
1049 712 1126 757 esse
1176 688 1292 757 labunt
1329 693 1560 770 coniecturae,
1603 692 1714 756 omnia
1752 702 1909 776 poterunt
1946 688 2156 755 labefactarl.
2194 760 2197 767 ,

145 790 290 863 oportet,
312 780 437 843 veritas
457 779 531 843 eius
554 778 677 864 ubique
699 779 818 844 dlllusa
839 790 902 844 est
948 779 1126 844 Dominum
1177 777 1272 843 llaec
1300 797 1343 842 oo
1375 777 1470 856 dico,
1503 790 1540 841 ot
1561 774 1668 841 lector
1696 778 1881 861 expendat,
1914 777 2081 862 quomodo
2119 776 2158 842 ln

145 884 227 951 ergo
251 864 441 942 audiamus,
465 875 499 929 et
521 866 611 950 quod
639 866 711 949 ipse
733 863 925 943 donaverit,
947 866 990 930 de
1012 865 1126 929 verbis
1176 862 1340 930 hocloco
1361 861 1451 928 aliud
1473 863 1681 948 Augustinus
1704 864 1811 941 dicat,
1837 859 1928 927 alind
1955 881 2016 946 per
2045 863 2157 927 conie-

145 950 218 1016 eius
240 950 275 1014 ei
295 970 359 1016 nos
382 951 544 1028 dicamus,
567 960 632 1015 etc.
676 948 813 1036 Vulgati
829 950 966 1015 codices
987 950 1125 1031 habent,
1176 963 1304 1016 cturam
1325 950 1562 1015 ratiocinantur
1589 949 1662 1027 isti,
1683 951 1738 1034 qui
1761 968 1836 1013 eum
1860 949 1903 1013 ad
1925 967 2064 1013 coenam
2084 945 2158 1011 Do·

144 1035 201 1103 hic
222 1044 277 1101 est
302 1037 428 1100 veritas
447 1033 631 1115 Dominus,
664 1056 787 1120 corpus
821 1038 906 1101 enim
928 1035 1062 1102 Domini
1091 1037 1125 1101 in
1176 1036 1254 1101 mini
1275 1032 1488 1102 transferunt.
1533 1032 1617 1100 Cum
1638 1046 1746 1099 autem
1770 1033 1978 1117 Augustinus
2007 1033 2063 1099 lrlc
2083 1030 2159 1098 nul·

144 1142 212 1209 qno
234 1121 430 1198 resurrexit,
452 1140 520 1186 uno
541 1117 620 1186 loco
641 1141 720 1187 esse
742 1134 867 1207 potest,
890 1123 951 1187 sed
973 1124 1124 1188 homines
1175 1120 1243 1188 lam
1276 1123 1474 1205 mentionem
1508 1139 1635 1185 coenae
1669 1118 1801 1183 Domini
1835 1116 1970 1199 lecerit,
2000 1139 2071 1185 nou
2102 1126 2163 1187 est

143 1228 212 1274 non
235 1207 371 1271 omnino
392 1208 495 1271 rudes
512 1204 680 1272 literarum
695 1206 794 1274 facile
811 1210 957 1275 iudicare
973 1219 1125 1294 possunt,
1177 1228 1291 1288 musa,
1313 1229 1375 1274 cur
1395 1208 1451 1273 hic
1471 1203 1567 1271 locus
1585 1205 1732 1271 oli'endut
1750 1206 1966 1291 quenquam.-

144 1294 232 1361 hano
252 1289 430 1357 lectionem
453 1293 649 1357 mendosam
670 1313 760 1359 esse.
806 1292 916 1359 Plane·
941 1293 1044 1359 hahet
1064 1293 1125 1359 ali·

144 1399 243 1466 quarn
264 1375 452 1444 sedulitatis
474 1375 605 1443 laudern
628 1377 826 1458 Gratianus,
847 1383 938 1467 qnod
960 1401 1027 1444 non
1049 1400 1125 1466 gra·
1261 1376 1396 1444 Nullam
1417 1375 1472 1442 hic
1493 1375 1748 1461 disputationem
1766 1376 1901 1454 institui,
1924 1375 2090 1441 neminem
2101 1373 2160 1440 de·

144 1477 244 1530 vatus
265 1476 319 1530 est
341 1475 391 1529 tot
422 1474 559 1529 autores
581 1478 738 1531 excutere
770 1478 804 1531 et
826 1464 915 1531 hunc
946 1467 1125 1532 sententia·
1177 1466 1267 1541 crevi
1288 1461 1435 1542 laedere,
1456 1482 1566 1549 neque
1588 1463 1767 1546 quidquam
1795 1462 1863 1526 dixi
1883 1463 1926 1527 ad
1951 1459 2054 1527 ullius
2077 1481 2159 1527 cou-

144 1571 219 1616 rum
246 1570 404 1616 acervum
434 1550 580 1636 undique
608 1570 650 1615 ex
672 1565 739 1615 tant
761 1553 864 1618 variis
893 1551 979 1617 locis
1002 1567 1138 1638 conge·
1176 1550 1353 1617 tumeliam.
1381 1548 1521 1614 ‘lantum
1538 1549 1627 1613 hunc
1648 1545 1761 1612 lucum
1771 1546 1949 1633 Augustini
1966 1543 2161 1632 patefacere

144 1655 232 1714 rere,
254 1637 316 1700 sed
338 1656 413 1701 cum
434 1637 467 1699 in
491 1635 556 1701 hoc
578 1637 732 1722 negotio,
756 1639 981 1704 conscientiae
1003 1639 1036 1702 in
1059 1639 1125 1701 dis·
1175 1635 1278 1715 volui,
1300 1637 1342 1701 de
1364 1655 1429 1722 quo
1452 1654 1556 1717 saepe
1578 1635 1803 1718 interrogatus
1825 1653 1910 1711 sum,
1932 1632 2050 1718 Neque
2068 1635 2157 1718 quia·

140 1722 270 1798 crimen
292 1733 467 1801 vocentur,
487 1741 552 1786 non
571 1733 622 1786 est
638 1733 744 1788 tutum
762 1718 947 1790 huiumnodi
959 1725 1125 1809 excerptis
1175 1744 1274 1809 quarn
1296 1742 1400 1807 aegre
1416 1722 1506 1786 ierre
1528 1721 1637 1797 dehet,
1660 1720 1748 1806 quod
1770 1721 1802 1782 iu
1827 1738 1866 1783 rc
1886 1730 1980 1783 tanta
2001 1719 2160 1798 iudicavi,

143 1806 242 1872 fldem
265 1805 402 1873 hnbere.
447 1805 614 1873 luterdum
635 1811 818 1874 sententiae
843 1824 921 1875 sunt
943 1807 1126 1887 mutilatae,
1176 1830 1244 1874 non
1266 1823 1391 1874 temere
1412 1806 1512 1871 fidem
1533 1803 1719 1870 habendam
1742 1814 1822 1869 esse
1850 1801 1953 1890 vulgo
1976 1805 2089 1869 citatis
2105 1818 2158 1871 te·

144 1893 309 1958 interdum
342 1890 431 1957 ntals
463 1892 624 1958 detortae.
669 1893 758 1960 idem
791 1896 877 1960 enim
905 1895 971 1962 alio
1004 1897 1125 1961 dictum
1176 1896 1355 1972 stimoniis,
1396 1893 1457 1957 sed
1503 1891 1782 1956 considerandum
1815 1908 1910 1966 csse,
1955 1910 2023 1976 quo
2067 1886 2160 1971 loco,

143 1975 234 2056 loco,
255 1998 322 2043 non
345 1996 477 2062 semper
493 1979 580 2043 idem
601 1976 701 2046 valet.
735 1981 854 2066 Neque
875 2002 960 2064 opus
977 1994 1030 2046 est
1049 2001 1124 2064 pro·
1176 2003 1242 2066 quo
1266 1977 1425 2057 consilio,
1458 1978 1658 2054 dictasint,
1691 1976 1782 2042 llaec
1810 1995 1890 2039 cura
1917 1994 1995 2041 mea
2015 1995 2083 2041 non
2105 1986 2161 2043 est

91 2144 95 2150 .
144 2061 202 2131 cul
223 2061 375 2148 exempla
395 2082 569 2149 quaerere,
590 2062 646 2131 rel
668 2064 752 2132 haec
768 2089 835 2132 una
852 2067 1032 2154 Augustini
1050 2086 1127 2131 son·
1176 2065 1452 2150 reprehendenda
1473 2066 1507 2128 in
1528 2063 1594 2141 his,
1612 2063 1667 2148 qui
1692 2064 1863 2127 veritatem
1876 2076 2052 2147 quaerunt,
2071 2060 2158 2127 Nam

107 2214 115 2234 Ι
145 2151 248 2215 tentia
270 2149 429 2228 ostendit,
451 2162 609 2234 quantum
631 2172 695 2215 suo
718 2155 829 2236 posita
848 2150 927 2219 loco
955 2153 1057 2218 distet
1081 2153 1124 2218 ab
1177 2155 1206 2218 si
1229 2152 1261 2216 in
1295 2150 1371 2216 loro
1399 2150 1600 2216 arbitrantur
1627 2145 1760 2213 incivile
1789 2165 1884 2226 esse,
1916 2167 1983 2213 non
2006 2149 2161 2232 inspectu

144 2234 328 2314 intellectu,
349 2254 448 2320 quern
464 2239 551 2319 par-it
571 2237 605 2302 in
627 2233 693 2302 alio
711 2237 800 2304 loco.
1176 2248 1245 2304 tota
1267 2235 1343 2324 lege
1365 2237 1592 2323 pronuntiare,
1613 2231 1717 2300 multo
1738 2235 1846 2320 magis
1866 2234 1900 2297 in
1919 2234 2163 2299 controversiis

1178 2320 1367 2408 religionis,
1405 2324 1501 2387 decet
1530 2342 1593 2385 nos
1616 2323 1745 2406 integra
1766 2319 1954 2384 testimonla
1976 2320 2161 2405 requirere·

231 2402 348 2470 Palam
369 2415 421 2470 est
432 2406 654 2488 Augustinum
674 2405 731 2471 hic
750 2427 892 2493 prorsus
903 2404 1027 2474 nnllam
1037 2426 1128 2471 meu·
1179 2409 1296 2494 Neque
1306 2429 1386 2473 vcro
1410 2410 1584 2492 quisquam
1601 2405 1679 2470 mihi
1698 2403 1913 2489 persuaserit,
1934 2404 2164 2490 Augustinutu

145 2491 269 2556 tionem
299 2509 427 2556 coenae
448 2488 583 2555 Domini
611 2489 740 2572 lacere,
774 2494 869 2558 lubet
894 2494 1010 2559 audire
1031 2491 1128 2558 curt-
1178 2495 1244 2559 hoc
1270 2492 1348 2559 loco
1376 2494 1426 2556 s'ic
1454 2490 1595 2579 alligare
1617 2512 1742 2575 corpus
1764 2489 1890 2556 Christi
1917 2490 1961 2555 ad
1989 2511 2090 2555 unum
2112 2488 2164 2556 lo-

145 2589 234 2643 stum
265 2576 298 2640 in
327 2573 512 2662 Evangelio
550 2573 759 2662 loquentem,
793 2582 871 2665 quia
906 2580 982 2665 ipsc
1014 2599 1128 2644 coram
1179 2600 1266 2656 cum,
1288 2590 1324 2645 ut
1345 2598 1512 2665 nusquam
1533 2576 1614 2642 alibi
1636 2597 1714 2641 esse
1735 2595 1840 2661 posse
1861 2574 2045 2665 confirmet,
2062 2596 2163 2659 prae·

145 2682 236 2728 nunc
257 2681 324 2725 non
346 2664 467 2728 doceat
489 2662 651 2728 homiues.
686 2664 852 2751 Loquitur
872 2665 972 2754 igitur
989 2667 1031 2730 de
1047 2684 1128 2730 con·
1178 2666 1294 2731 sertim
1322 2685 1397 2730 cum
1430 2666 1596 2748 scriptura
1627 2684 1792 2749 nusquam
1820 2658 1963 2727 affirmet
1989 2659 2164 2730 Christum

145 2746 338 2813 versatione
371 2744 513 2826 visibili,
548 2746 680 2833 qualem
703 2761 837 2836 oportet
865 2772 944 2816 esse
966 2752 1126 2816 ducentis.
1178 2753 1225 2816 ita
1256 2771 1323 2815 uno
1355 2752 1390 2815 in
1421 2747 1500 2815 loco
1534 2768 1629 2827 esse,
1657 2761 1694 2814 ut
1726 2745 1804 2812 alibi
1840 2759 1917 2812 ess'e
1944 2768 2012 2812 non
2041 2749 2161 2834 possit.

132 2831 244 2899 llanc
266 2844 367 2918 negat
395 2844 586 2917 competere
608 2834 741 2901 Christo
763 2837 890 2922 passim
911 2840 997 2902 inter
1024 2837 1129 2902 homi·
1179 2835 1267 2910 Quid
1289 2836 1374 2900 enim
1396 2835 1507 2900 afferri
1529 2846 1657 2919 potest,
1680 2846 1814 2919 praeter
1835 2833 1999 2899 humanae
2021 2834 2162 2900 rationis

144 2938 226 2997 nes,
260 2921 339 3004 quia
368 2931 522 3004 oportent
538 2941 605 2985 nno
627 2922 660 2984 in
683 2919 762 2987 loco
785 2919 938 2990 videlicet
957 2924 992 2989 in
1022 2919 1128 2989 coelis
1151 2923 1345 3008 'iudicium
1380 2942 1440 2986 cur
1460 2922 1528 2986 hoc
1558 2922 1656 2986 modo
1686 2917 1894 2986 includamus
1927 2918 2095 2985 Christum
2125 2921 2161 2985 in

52 3081 58 3097 .
144 3015 339 3090 perpetuum
356 3007 429 3071 eius
450 3025 530 3071 esse
552 3010 854 3074 conversationem.
1179 3029 1279 3074 urmm
1300 3005 1433 3072 locum?
1477 3006 1574 3082 Quod
1602 3008 1631 3072 si
1654 3008 1738 3071 satis
1757 3020 1845 3072 'esse
1865 3006 2045 3091 putassent
2070 3016 2161 3071 veto·

1181 3114 1254 3173 res,
1296 3113 1463 3179 nunquam
1495 3095 1683 3157 extitissent
1710 3089 1800 3158 ullae
1833 3093 2085 3158 controversiae
2115 3091 2158 3157 do

231 3173 284 3240 Ne
305 3176 445 3240 verbum
467 3177 597 3261 quidem
619 3178 674 3242 hic
703 3179 745 3243 de
767 3199 873 3245 coena
895 3177 1029 3243 Domini
1051 3177 1129 3242 dici-
1180 3179 1371 3266 praesentia
1405 3180 1556 3264 corporis
1579 3178 1713 3242 Domini
1742 3180 1775 3242 in
1805 3198 1921 3244 coeno.
1966 3178 2050 3252 Quis
2070 3177 2163 3245 euint
2196 3202 2200 3209 ·

28 3304 30 3312 ›
146 3270 210 3327 tur.
255 3258 397 3326 'lantum
419 3273 521 3349 negat
542 3265 833 3330 conversationem
850 3262 1025 3343 visibilem,
1071 3286 1128 3330 ua·
1180 3288 1248 3331 non
1269 3265 1350 3331 vidit
1371 3263 1940 3351 absurdaquaeconsequobantur‘l
1961 3265 2025 3328 sed
2043 3280 2163 3328 omnes

145 3344 189 3411 lis
212 3357 265 3410 est
287 3347 458 3424 docentis,
491 3360 682 3432 competere
710 3347 845 3415 Christo
873 3352 1010 3435 passim.
1037 3286 1129 3416 linc
1179 3353 1225 3417 ita
1261 3363 1455 3429 senserunt,
1476 3351 1632 3415 iudicium
1655 3350 1793 3415 rationis
1816 3351 1942 3415 debere
1972 3353 2039 3414 scri
2066 3361 2164 3414 turno

142 3431 225 3496 rnihi
253 3432 386 3516 quidem
418 3453 486 3497 non
507 3436 639 3499 videtur
660 3448 737 3520 apte
768 3437 810 3504 ad
833 3457 972 3501 coenum
995 3434 1129 3501 Domini
1181 3439 1314 3504 cedere.
1358 3435 1400 3501 Et
1422 3439 1507 3501 idern
1529 3451 1628 3502 autor
1650 3435 1807 3501 iohannis
1828 3446 1926 3501 sexto
1958 3437 2000 3500 de
2053 3435 2162 3500 hristo

148 3517 349 3603 detorqueri.
394 3517 498 3582 Ausi
521 3520 596 3604 quis
619 3532 687 3600 est,
722 3523 775 3586 cui
797 3520 852 3586 hic
874 3520 970 3587 locus
992 3541 1129 3604 persua·
1180 3518 1417 3609 inquit,iilium
1438 3522 1597 3600 hominis,
1628 3523 1760 3587 tametsi
1781 3532 1972 3587 versaretur
2000 3523 2035 3586 in
2057 3534 2161 3602 terro,

143 3603 216 3681 det,
238 3602 462 3688 Augu-sticum
484 3605 635 3669 sensisse
657 3608 746 3692 quod
769 3627 893 3692 corpus
916 3605 1039 3671 Christi
1061 3628 1128 3671 non
1181 3621 1289 3674 tamen
1322 3609 1353 3672 in
1376 3609 1502 3674 unitate
1527 3626 1693 3694 pcrsonac
1710 3610 1743 3672 in
1772 3604 1867 3672 coelo
1897 3604 2022 3687 luisse,
2056 3609 2164 3672 verba

146 3689 191 3751 sit
211 3688 246 3751 in
268 3707 389 3766 coena,
410 3688 453 3767 is,
476 3711 551 3756 meo
574 3691 711 3771 iudicio,
744 3695 847 3757 utitur
869 3693 1060 3758 coniectura
1083 3689 1129 3758 le·
1180 3696 1251 3760 eius
1280 3695 1366 3760 haec
1397 3705 1493 3773 sunt,
1527 3693 1679 3760 Christus
1712 3713 1796 3780 ergo
1830 3713 1914 3758 unus
1933 3705 1985 3757 est
2008 3695 2161 3773 verbum,

134 3773 253 3853 ltiore,
275 3794 373 3858 quam
394 3794 448 3839 res
469 3774 730 3860 tuntapostulat.
765 3777 840 3864 Ego
862 3779 994 3863 quidem
1006 3798 1128 3843 notmm
1180 3782 1290 3845 anima
1311 3792 1345 3845 et
1367 3801 1458 3844 caro.
1502 3778 1597 3845 Unus
1627 3777 1783 3862 Christus
1811 3775 1899 3843 lulius
1919 3778 1984 3844 Dei
2014 3775 2163 3853 attilius

79 3897 82 3901 >
147 3858 270 3944 dogma
292 3861 325 3923 in
348 3856 503 3937 Ecclesia
525 3874 662 3928 secutus
687 3863 773 3927 hanc
800 3865 1023 3928 coniecturum
1053 3885 1129 3948 pro-
1179 3863 1333 3945 hominis,
1354 3865 1449 3930 Unus
1472 3865 1625 3930 Christus
1647 3864 1735 3930 filius
1749 3865 1812 3931 Dei
1834 3885 1977 3950 semper,
2000 3862 2163 3929 filiusho·

146 3943 232 4008 litati
253 3965 321 4009 non
344 3943 454 4011 velim.
499 3944 586 4012 'l'ote
608 3949 716 4013 oratio
738 3948 780 4014 de
800 3961 962 4034 perpetuu
989 3968 1128 4016 conver·
1179 3950 1276 4017 minis
1299 3971 1340 4016 ex
1363 3954 1521 4036 tempore.
1548 3950 1671 4015 'l’anten
1693 3972 1780 4017 unus
1798 3948 1952 4016 Christus
1975 3952 2164 4018 secundum

147 4030 277 4094 satione
298 4027 334 4094 lo
360 4033 463 4110 uitur,
494 4029 545 4095 Etr
567 4054 632 4118 qua
655 4034 684 4099 si
707 4055 807 4100 unum
828 4055 964 4100 versum
985 4045 1129 4100 transtu·
1179 4037 1336 4102 unitatem
1357 4057 1523 4124 personae
1545 4038 1577 4101 in
1601 4034 1697 4100 coelo
1720 4048 1809 4111 erat.
1842 4038 1975 4122 quando
2007 4037 2164 4101 interra

149 4110 285 4181 ierimus
307 4052 357 4181 ul
373 4114 459 4181 ulios
481 4119 690 4200 praesentiae
712 4120 842 4199 modos,
859 4122 1026 4204 quomodo
1044 4123 1128 4186 scie·
1180 4118 1391 4206 loquebatur,
1414 4123 1465 4187 sic
1483 4132 1554 4186 erat
1572 4121 1660 4188 lilius
1682 4122 1824 4188 hominia
1846 4123 1881 4187 in
1904 4121 2023 4203 crtelo,
2046 4130 2162 4211 quemss

145 4221 220 4266 tuus
241 4200 466 4289 Augustinttm
489 4200 747 4270 voluisseltnnc
769 4206 811 4270 de
828 4204 899 4285 alia
921 4227 959 4271 ro
979 4203 1128 4292 intelligi,
1178 4209 1355 4274 admodum
1387 4205 1475 4272 iilius
1496 4205 1562 4274 Dei
1592 4221 1664 4274 crat
1690 4211 1723 4273 in
1752 4222 1859 4288 terra,
1890 4207 1997 4274 Filius
2029 4206 2093 4274 Del
2124 4208 2164 4274 in

146 4306 266 4389 qpam,
299 4290 342 4353 de
374 4308 443 4374 qua
473 4287 505 4351 in
539 4291 729 4373 praesentia
758 4286 965 4378 loquebatur.
1013 4291 1128 4378 Vulgo
1180 4295 1325 4359 terrain
1348 4307 1507 4379 susccpta
1530 4316 1642 4375 carne,
1664 4295 1930 4361 Filiushominis
1952 4292 2101 4362 iuooclo
2123 4295 2164 4362 iu

103 4409 106 4413 -
146 4382 238 4435 arunt
265 4378 372 4440 verba
403 4374 588 4438 secundum
621 4376 805 4441 subiectam
838 4379 1009 4443 materiam
1041 4379 1129 4444 accl-
1177 4380 1303 4447 unitate
1323 4397 1502 4465 personae.

146 4456 268 4539 plentlu
289 4477 380 4537 esse,
402 4460 490 4543 quod
513 4459 542 4524 si
567 4458 621 4525 hic
641 4459 793 4539 iacimus,
815 4462 915 4531 inette
937 4465 1060 4547 poterit
1079 4467 1128 4530 in·

147 4538 254 4626 telligi
274 4539 364 4607 hunc
385 4541 495 4613 locum
518 4565 585 4610 non
609 4548 811 4631 patrocinari
839 4546 904 4629 his,
925 4553 983 4638 qui
1002 4560 1129 4638 negant
1264 4551 1339 4636 Ego
1358 4554 1457 4638 igitur
1477 4570 1598 4617 moneo
1624 4547 1803 4630 lectorem,
1831 4552 1970 4638 primunt
1989 4558 2026 4615 ut
2046 4552 2162 4623 tuemi-

148 4644 271 4711 ourpus
288 4625 425 4695 Domini
444 4632 567 4696 adesse
584 4632 617 4697 in
640 4652 756 4723 coena.
1179 4638 1266 4702 uerit
1287 4658 1354 4701 non
1377 4639 1542 4721 possode
1564 4658 1671 4704 coena
1683 4636 1817 4702 Domini
1841 4658 1882 4703 ex
1903 4637 1967 4704 ltoc
1978 4637 2162 4723 Augustini

656 4766 659 4771 -
1179 4719 1257 4788 loco
1289 4722 1446 4802 iudicati,
1477 4745 1552 4790 cum
1581 4722 1653 4789 eius
1682 4724 1731 4788 rei
1759 4720 1851 4789 nulla
1874 4724 1930 4789 flat
1949 4722 1995 4788 ihi
2022 4724 2162 4804 mentio,

233 4794 312 4861 lion
348 4797 469 4882 ignoro
498 4799 604 4869 multa
630 4802 755 4888 passim
779 4818 957 4871 occurrere
977 4806 1067 4873 dicta
1094 4806 1127 4873 in
1181 4807 1323 4895 Quoquo
1344 4809 1444 4875 morlo
1466 4810 1626 4875 autoritas
1648 4806 1746 4876 huius
1775 4808 1841 4876 loci
1862 4808 2077 4890 defendatur,
2108 4821 2160 4874 ta·

148 4881 382 4966 wilpioribu&
402 4905 490 4972 quae
511 4907 570 4954 sus
595 4889 671 4955 icax
692 4889 860 4976 ingenium
880 4891 972 4958 varie
992 4890 1128 4960 allicere
1178 4914 1254 4959 meu
1290 4915 1357 4961 non
1391 4897 1490 4961 dehet
1521 4892 1597 4980 plus
1626 4893 1740 4975 valere
1769 4908 1869 4982 quam
1899 4892 1966 4961 aliu
2000 4894 2092 4961 clara
2123 4907 2161 4962 et

148 4980 282 5052 queant.
323 4967 410 5035 Nutu
440 4967 525 5038 alias
546 4911 644 5041 ahter
666 4972 865 5064 loquuntur,
898 4998 974 5045 cum
1001 4976 1127 5047 iu'ullu
1145 5025 1157 5103 l
1177 4991 1295 5066 aperta
1314 4983 1502 5050 testimonia
1513 4979 1710 5071 llilatiiaut
1725 4980 1855 5072 Dyrihl,
1873 5003 1962 5070 quae
1983 4978 2164 5052 manifesto.
