4628 5588
41 237 43 241 ,
130 100 224 244 im
787 159 902 231 nam
925 159 1030 229 san
1052 159 1242 237 scurra
1262 158 1545 247 oocusnca
2108 162 2177 234 oso

153 354 287 423 imam
317 353 474 421 sonitum.
528 351 597 418 Sed
637 351 748 419 audito
780 349 985 439 Evangelio,
1017 350 1141 419 effundi
1191 350 1396 431 vivificator,
1429 351 1640 437 perspicuum
1672 360 1726 416 est
1757 346 1898 438 intelligi
1928 368 2108 437 personam
2141 364 2178 423 et

153 438 313 528 Spiritum
334 451 490 506 sanctum
517 441 550 505 in
573 440 694 517 corda,
723 441 779 524 qni
800 450 912 504 movet
940 459 981 505 ea
1002 439 1047 504 ad
1068 459 1139 504 cre·
1216 440 1324 504 uidem
1353 439 1627 524 omnipotentem,
1660 433 1883 503 vivificantem
1914 459 1989 504 cum
2011 435 2112 505 Patre
2140 450 2178 509 et

153 527 319 605 (lendum,
339 539 373 592 et
394 527 626 592 assensionem
649 525 833 604 confirmat,
855 526 1007 591 accendit
1027 526 1139 604 vitam,
1190 460 1295 604 llilio,
1324 525 1380 610 qui
1402 534 1455 589 est
1489 543 1635 608 persona
1655 522 1843 608 procedens
1867 545 1888 589 a
1910 523 2009 589 Patre
2033 538 2067 590 et
2089 523 2176 593 Filio

151 613 413 691 invocationem,
434 611 611 691 laetitiam,
645 610 854 692 dilectionem
876 612 958 692 Dei,
992 622 1027 677 et
1053 608 1138 676 alios
1190 612 1393 690 immediate,
1425 612 1615 676 accendens
1646 622 1756 675 motus
1778 610 1811 674 in
1835 610 1936 674 corde
1958 607 2043 676 tales
2065 611 2175 698 qualis

151 710 265 768 motus
294 697 398 780 tales,
432 697 540 787 qualis
566 700 641 784 ipsc
669 711 736 779 est,
769 711 806 766 ut
826 698 923 764 Rom.
948 698 977 764 1.
1000 698 1138 765 dicitur:
1191 709 1244 763 est
1271 699 1360 784 ipse,
1390 695 1539 763 Recitavi
1561 708 1595 762 et
1617 716 1659 762 su
1683 716 1720 761 ra
1742 696 1989 762 consessionem
2016 696 2175 788 Gregorii

151 782 370 871 Evangelium
388 797 441 851 est
462 788 611 871 potentia
635 785 699 851 Dei
721 786 765 851 ad
789 785 931 852 salutem
955 787 1042 850 omni
1067 804 1138 850 cre·
1190 784 1507 864 Neocaesariensis‚
1539 803 1625 870 quae
1654 717 1710 847 lte
1737 803 1871 871 quoque
1892 783 2071 869 repetenda
2104 798 2176 853 estt

151 871 253 937 denti·
298 872 342 937 Et
368 871 401 936 i.
424 869 504 938 Cor.
525 871 557 938 3.
587 884 727 940 vocatur
749 869 966 959 Evangelinm
993 872 1138 937 ministe-
1190 891 1277 937 unus
1310 868 1404 936 Deus
1437 882 1534 954 pater
1563 871 1656 935 verbi
1689 869 1845 951 viventm,
1879 871 2063 955 sapientiae
2096 875 2176 939 sub·

151 957 237 1025 dum
257 957 412 1044 Spiritum.
1190 959 1350 1035 sistentis,
1372 969 1406 1021 et
1427 956 1580 1044 imaginis
1602 974 1685 1021 suae
1705 957 1836 1043 integer
1856 957 2007 1045 integrae
2030 960 2173 1046 genitor,

1190 1042 1290 1108 Pater
1313 1042 1387 1107 Filii
1409 1042 1464 1106 uni
1491 1043 1579 1121 eniti,
1600 1061 1686 1108 unus
1709 1040 1891 1123 Dominus,
1923 1063 2012 1110 unns
2035 1064 2076 1110 ex
2094 1065 2175 1125 uno,

1188 1131 1298 1216 imago
1320 1130 1448 1208 Patris,
1466 1064 1627 1194 gVerbum
1649 1125 1789 1209 efficax,
1822 1127 1926 1196 Filius
1949 1132 2175 1216 sempiternus

1189 1237 1231 1281 ex
1253 1217 1476 1301 sempitemo,
1499 1236 1585 1280 unus
1608 1214 1752 1301 Spiritus
1773 1228 1913 1282 sanctim
1935 1237 1977 1282 ex
1999 1217 2075 1283 Deo
2095 1219 2174 1283 snb·
2228 1228 2234 1247 ·

1189 1305 1345 1367 stantiam
1367 1301 1514 1382 habens,
1536 1303 1592 1388 qui
1610 1320 1674 1386 per
1695 1298 1812 1367 Filium
1844 1304 2015 1389 appamit,
2048 1304 2173 1370 sancti·

1188 1388 1305 1467 ficans,
1327 1372 1387 1473 p⁰er
1409 1409 1507 1475 quem
1529 1387 1624 1454 Deus
1646 1390 1881 1474 superomnia
1906 1403 1941 1456 et
1963 1390 1997 1455 in
2019 1390 2175 1457 omnibns

1188 1477 1417 1564 cognoscitur.

238 1091 382 1162 Constat
416 1096 519 1184 igitur
552 1115 594 1161 ex
614 1093 736 1161 Esaiae
758 1104 791 1159 et
812 1092 996 1160 Zachariae
1025 1095 1136 1175 dictis,

151 1200 239 1271 quae
260 1184 433 1262 recensui,
456 1183 642 1248 doctrinam
664 1181 707 1247 de
728 1180 854 1267 Spiritu
876 1192 999 1269 sancto·
1022 1181 1057 1247 in
1080 1201 1137 1246 ve·

53 1318 56 1323 -
150 1269 214 1334 teri
234 1266 391 1334 Ecclesia
408 1280 541 1354 patrum
559 1282 592 1335 et
614 1265 858 1352 Prophetarum
879 1280 993 1332 notam
1019 1264 1136 1333 fuisse.

149 1353 229 1423 ideo
252 1356 352 1421 etiam
372 1369 507 1423 veteres
524 1355 592 1422 hoo
620 1354 742 1419 dictum
768 1355 802 1418 in
826 1352 950 1419 Genesi
976 1354 1004 1417 i.
1028 1355 1138 1440 capite

145 1438 386 1506 intellexerunt
409 1442 451 1507 de
473 1441 599 1526 Spiritu
616 1455 748 1520 sancto,
771 1443 826 1527 qui
850 1452 903 1506 est
924 1460 1071 1525 persona
1089 1441 1136 1504 di·

149 1527 316 1593 vlnitatist
338 1526 382 1591 Et
392 1526 534 1612 Spiritus
546 1526 680 1596 Domini
702 1524 874 1592 ferebatur
895 1546 997 1611 super
1018 1546 1135 1612 aquas.

150 1610 210 1679 Sic
232 1613 320 1679 enim
342 1615 448 1700 inquit
468 1612 632 1720 Bpsiliust
661 1614 740 1679 Sive
762 1613 852 1698 quod
870 1614 982 1677 verius
1005 1625 1079 1715 est,
1102 1623 1136 1677 et
1272 1643 1454 1713 Multorum
1481 1646 1700 1712 mmmmm
1722 1643 1913 1712 pffitimonqa
1945 1641 2081 1733 coum
2106 1644 2175 1713 Ba·

148 1710 340 1765 ‘mmmm
361 1710 414 1766 ⁶⁸¹
435 1701 478 1765 ab
500 1720 539 1764 ¹¹⁸
562 1721 618 1787 ‘¹¹¹¹
637 1711 714 1767 ωηο
734 1719 799 1765 ¹¹⁰⁸
821 1695 967 1780 suem&
990 1696 1136 1786 ¹⁰q¹¹¹¹¹¹¹
1187 1731 1300 1812 silius,
1334 1735 1367 1796 in
1400 1731 1454 1797 his
1485 1743 1519 1797 et
1547 1728 1725 1796 Palaestini
1749 1730 1883 1797 Eusebii
1911 1734 2016 1799 verba
2039 1733 2175 1798 recitata

147 1784 192 1852 ‘¹⁰
209 1783 336 1872 SP¹¹¹¹¹¹
357 1796 475 1852 ”⁰⁰¹⁰
499 1785 575 1852 ⁰⁰¹·
1187 1818 1347 1884 Sanctum
1375 1817 1483 1883 Deum
1510 1815 1597 1884 lucis
1625 1818 1848 1897 conditorem,
1879 1838 1941 1904 per
1968 1816 2186 1885 salvatorem.

236 1919 321 1989 cum
353 1935 465 1989 ,utem
495 1924 585 1988 (pem
615 1923 649 1988 q„
670 1941 762 1988 novo
789 1918 1004 1987 'testamento
1026 1921 1135 2007 magt,
1187 1906 1336 1971 n'ostrnm
1359 1904 1469 1971 lesum
1491 1901 1673 1983 Christum,
1698 1924 1772 1971 curn
1790 1904 1916 1989 Spiritu
1937 1918 2058 1971 sancto
2079 1905 2175 1971 invo-

50 1980 57 1989 ’
148 2009 329 2161 perspicua
351 2011 429 2087 sint,
453 2010 677 2096 adiungantur
699 2009 852 2074 addicta
874 2005 1135 2093 exemplavete·
1188 1993 1343 2057 candum.
1386 1989 1481 2094 ¹¹³0?
1513 1992 1619 2056 ¹²¹¹)st
1652 1991 1848 2094 9⁸¹⁰¹¹d¹¹⁰¹2
1881 2002 2012 2058 Ὑθῑθΐθδ
2046 1992 2176 2057 diserti!

147 2095 198 2161 ris
251 2096 442 2177 estamenti,
474 2097 565 2181 quod
593 2115 669 2161 cum
702 2093 760 2160 fiet
791 2092 928 2160 collatio
960 2096 1135 2179 utriusque
1187 2090 1256 2143 ¹¹0⁸
1278 2097 1445 2162 P⁰¹S⁰¹¹¹¹⁸
1466 2097 1498 2141 ¹¹¹
1516 2076 1730 2143 ¹¹¹¹⁰⁰⁸¹¹⁰¹¹0
1752 2073 1947 2161 ⁰⁰¹¹¹i¹¹0¹⁰⁸
1970 2097 2060 2157 0⁵⁵0,
2083 2090 2118 2144 0¹
2133 2097 2176 2143 0⁸

147 2177 258 2248 lucem
282 2179 421 2263 adferet,
443 2202 508 2246 nec
529 2193 656 2247 tantum
679 2178 918 2265 speculationis
929 2201 1034 2245 causa
1051 2180 1135 2244 haec
1186 2160 1296 2229 f⁰r¹¹¹⁰
1317 2161 1476 2250 ¹⁰q¹¹0¹¹1¹¹
1498 2162 1540 2227 (¹⁰
1561 2160 1645 2227 F¹¹¹0
1669 2182 1869 2242 ¹18000880,
1896 2173 1934 2228 ut
1955 2166 2053 2229 culini
2075 2158 2176 2231 simul

28 2264 34 2271 ·
147 2269 497 2348 fflnsqdmmus,·3ed
518 2279 555 2334 ut
574 2287 640 2333 „05
661 2267 705 2333 qd
726 2268 871 2351 petenda
890 2265 1052 2333 beneficia
1070 2264 1134 2331 Dei
1188 2252 1231 2317 de
1252 2248 1447 2314 hlediatoris
1477 2249 1739 2328 intercessione,
1768 2261 1802 2314 et
1832 2251 1874 2314 de
1895 2251 2175 2334 promissionibus

19 4224 22 4229 ·
146 4196 253 4266 voluit
281 4199 366 4265 enirn
389 4198 484 4264 Deus
513 4198 645 4285 aliquos
667 4220 745 4266 esso
768 4211 872 4265 testes
900 4201 1027 4266 desua
1050 4200 1133 4267 veri·

149 2356 390 2422 menemus,
1188 2334 1492 2402 commoncfierent.
1536 2331 1684 2401 Basilius
1705 2336 1739 2399 in
1762 2337 1828 2401 uita
1858 2333 2000 2420 Oportet
2027 2356 2092 2402 nos
2114 2338 2174 2403 ba·

100 2500 110 2505 ,
1187 2424 1312 2508 ptizare
1328 2423 1417 2487 siout
1438 2422 1647 2506 accepimus:
1671 2418 1717 2487 Cr
1761 2434 1946 2488 creantem
1962 2423 2050 2489 sicut
2067 2423 2174 2507 bapti·

234 2507 473 2597 Agnoscamus
498 2508 691 2573 immensam
717 2507 898 2574 bonitatem
926 2506 1010 2587 Dei,
1044 2510 1134 2594 qood
1186 2530 1318 2588 namur,
1352 2505 1545 2594 gloriiicare
1573 2521 1684 2572 autem
1712 2509 1800 2573 sicut
1833 2508 1999 2574 credimus
2026 2507 2173 2592 Patrem,

201 2616 290 2661 mum
312 2597 463 2663 condidit
483 2613 559 2675 nos,
583 2594 629 2660 ita
650 2605 689 2660 ut
710 2596 963 2661 communicarit
979 2613 1057 2660 sese
1075 2617 1135 2659 no·
1186 2593 1306 2659 Filium
1327 2606 1361 2660 ct
1382 2593 1543 2681 Spiritum
1564 2604 1729 2661 sanctum.
1774 2593 1906 2680 Fugere
1932 2604 2044 2661 autem
2061 2591 2175 2681 polum

173 2683 221 2762 la,
254 2691 289 2748 et
320 2678 464 2748 voluerit
497 2701 561 2746 nos
594 2682 628 2747 in
656 2683 744 2745 omni
766 2683 964 2747 aeternitate
985 2678 1050 2747 frui
1072 2701 1135 2748 sua
1184 2678 1402 2766 blasphemos
1435 2700 1516 2760 eos,
1575 2681 1607 2745 ui
1635 2681 1789 2763 Spiritum
1810 2691 1964 2747 sanctum
1985 2695 2174 2749 creaturam

147 2764 243 2852 luce,
274 2769 453 2853 sapientia,
480 2768 606 2833 iustitia
638 2777 672 2833 et
703 2765 838 2834 laetitia.
883 2767 1015 2833 Deinde
1044 2769 1135 2854 quod
1186 2786 1265 2832 esse
1297 2768 1422 2832 dicunt.
1476 2701 1577 2851 Apul
1609 2765 1828 2852 Epiphanium
1869 2786 1973 2853 saepe
2010 2768 2175 2852 repetitae

146 2852 266 2921 lilium
284 2856 384 2936 misit,
405 2865 443 2920 ut
463 2850 630 2940 proferret
650 2852 883 2941 Evangeiium,
905 2864 939 2920 et
960 2865 1052 2920 esset
1070 2854 1135 2919 Re·
1187 2863 1265 2918 sunt
1286 2853 1368 2918 satis
1392 2854 1592 2939 perspicuae
1609 2854 1892 2934 asseverationes,
1916 2864 2036 2919 contra
2057 2849 2173 2922 Sabel-

147 2942 279 3009 demtcr
313 2953 347 3007 et
369 2943 542 3006 restitutor
564 2941 699 3027 generis
726 2941 877 3020 humani,
906 2951 940 3005 et
973 2943 1071 3006 mittit
1100 2942 1135 3005 in
1185 2937 1312 3019 lianos,
1333 2937 1529 3005 soniam
1554 2937 1572 3005 ὅ
1599 2937 1711 3024 antip,
1732 2939 1930 3005 causamn
1955 2937 1974 3005 ὅ
1999 2937 2079 3021 υἱὸς,
2107 2944 2173 3006 lvo·

146 3028 255 3093 corda
277 3028 483 3093 credentium
516 3025 674 3112 Spiritum
703 3039 867 3091 sanctum.
911 3025 1004 3092 llaec
1032 3027 1135 3091 bene·
1186 3024 1334 3090 πόπατον
1360 3023 1395 3089 rd
1425 3021 1509 3108 inm
1536 3027 1665 3107 maipa.
1709 3024 1791 3092 item
1820 3038 1940 3093 contra
1965 3024 2172 3108 maquaropui·

148 3111 227 3179 ficia
248 3124 419 3197 petamus,
443 3121 477 3177 et
499 3113 584 3198 grati
607 3109 834 3191 celebremus,
855 3130 923 3177 non
945 3115 1050 3177 simus
1073 3110 1135 3176 Pe·
1185 3135 1274 3195 χους,
1308 3111 1452 3197 Spiritus
1474 3131 1554 3179 vere
1576 3124 1629 3177 est
1651 3133 1693 3178 ex
1716 3109 1809 3191 Deo,
1837 3122 1871 3219 qt
1897 3131 1965 3177 non
1993 3110 2126 3181 alienus
2147 3133 2171 3180 a

146 3194 292 3285 lagiani,
319 3218 389 3264 non
415 3200 603 3286 cogitemus
630 3196 796 3263 hominem
825 3209 951 3264 tantum
980 3198 1134 3263 humanis
1186 3197 1288 3266 Patre
1308 3211 1343 3264 et
1363 3194 1460 3278 Filio,
1482 3200 1544 3265 sed
1566 3197 1726 3282 ὅμοοιῖσιος
1746 3197 1837 3266 Patri
1858 3209 1895 3265 et
1913 3195 2011 3266 Filio.

147 3285 276 3351 viribus
298 3287 370 3371 regi
391 3305 507 3369 posse,
528 3285 674 3350 sciamus
693 3304 761 3349 non
782 3286 856 3349 sine
878 3286 1019 3351 maxima
1031 3304 1135 3350 causa
2177 3330 2181 3337 ·

147 3381 287 3437 nostrae
327 3369 542 3438 imbecillitati
586 3371 729 3457 promitti
772 3369 930 3456 Spiritum
970 3382 1134 3436 sanctum.
1272 3366 1457 3456 Postquam
1477 3381 1587 3435 autem
1606 3334 1736 3436 Eretum
1755 3380 1810 3435 est
1834 3380 1902 3437 tres
1914 3386 2172 3457 essepersonas

147 3455 243 3524 Sicut
255 3455 382 3525 Paulus
403 3458 523 3544 iuquit:
545 3456 689 3542 Spiritus
711 3476 810 3542 opem
831 3454 896 3524 lert
916 3454 1135 3526 imbecillitati
1187 3456 1379 3534 divinitatis,
1402 3455 1592 3522 discrimina
1615 3456 1743 3523 erudite
1761 3458 2026 3524 considerautur.
2069 3457 2172 3523 Pater

146 3556 295 3611 nocuae.
1066 3554 1070 3560 ’
1187 3563 1256 3608 non
1277 3544 1439 3622 nascitur,
1480 3540 1586 3609 Filius
1619 3543 1749 3610 etiamsi
1771 3555 1971 3610 coaeternus
1993 3552 2046 3608 est
2067 3543 2174 3624 Patri,

1186 3641 1296 3694 tannen
1330 3630 1462 3715 genitus
1496 3641 1561 3709 est,
1595 3641 1629 3696 et
1662 3638 1715 3694 est
1746 3629 1857 3717 imago
1889 3631 2016 3696 aeterni
2048 3627 2173 3698 Patris

1187 3715 1330 3801 Spiritus
1364 3727 1505 3781 sanctus
1537 3716 1691 3801 procedit
1723 3736 1745 3781 a
1767 3714 1868 3783 Patre
1900 3728 1934 3782 et
1958 3714 2054 3782 Filio.
2097 3715 2174 3785 iiae

1186 3799 1428 3887 appellationes
1458 3812 1572 3867 extant
1594 3803 1637 3877 ¹in
1673 3803 1887 3868 sermonibus
1921 3801 2058 3870 Christi.
2103 3800 2180 3887 Sed·
2255 3826 2264 3843 ·

1185 3886 1240 3953 hic
1262 3898 1400 3974 quaerat
1421 3884 1555 3974 aliquis,
1576 3888 1656 3975 quid
1677 3888 1806 3955 intersit
1828 3890 2029 3955 internasci
2050 3900 2173 3976 etpro-

1187 3976 1319 4039 cederc.
1363 3972 1436 4039 Etsi
1470 3973 1637 4040 exhauriri
1665 3974 1750 4040 baec
1778 3995 1903 4041 arcana
1924 3996 1992 4042 non
2014 3986 2182 4061 possunt,-

1185 4072 1294 4126 tamen
1317 4059 1501 4147 significari
1524 4061 1699 4125 discrimen
1708 4058 1812 4126 Filius
1830 4060 1895 4128 Dei
1918 4061 2035 4142 voluit,
2057 4073 2091 4128 et
2112 4081 2181 4128 nus-

1185 4160 1350 4234 quaquam
1381 4148 1453 4212 eius
1488 4167 1599 4212 sermo
1632 4150 1810 4214 mutandus
1843 4160 1906 4214 est.
1949 4146 2042 4214 Usus
2060 4158 2173 4217 autem

1184 4244 1238 4298 est
1269 4233 1444 4299 vocabulis
1478 4233 1653 4315 humanis,
1692 4237 1789 4320 quasi
1822 4233 1992 4301 deducens
2026 4254 2092 4300 nos
2125 4235 2173 4302 ad

1184 4320 1412 4404 aspectionem
1445 4333 1586 4385 naturae
1618 4320 1782 4401 hominis,
1816 4332 1853 4386 ut
1879 4322 1958 4388 inde
1990 4318 2172 4388 similitudo
2210 4398 2213 4403 ¹

1183 4418 1217 4471 et
1237 4409 1355 4471 umbra
1377 4417 1536 4472 sumatur.
1581 4405 1668 4471 Sunt
1693 4420 1803 4472 autem
1832 4409 1866 4472 in
1893 4409 2006 4474 anima
2026 4407 2174 4474 hominis

1184 4494 1270 4559 duae
1301 4495 1502 4577 praecipuae
1529 4494 1710 4578 potentiae,
1740 4490 1936 4581 Intelligere
1970 4505 2005 4561 et
2025 4492 2169 4562 Volens.

1182 4577 1376 4665 intelligens
1400 4576 1520 4644 format
1542 4581 1731 4666 imaginem,
1764 4583 1894 4667 quoties
1917 4583 1959 4647 de
1980 4583 2088 4647 amico
2113 4601 2171 4648 co·

194 4702 197 4706 .
253 4695 527 4766 TESUMOMA
547 4695 797 4767 ECCLESIAE
819 4695 1021 4767 VETERIS·
1181 4677 1278 4814 grial,
1312 4667 1421 4730 statim
1456 4666 1529 4731 cius
1550 4667 1725 4753 imaginem
1746 4668 1781 4733 in
1802 4679 1912 4734 mente
1934 4669 2030 4754 quasi
2052 4668 2169 4756 pingit.

1216 4748 1338 4816 olentis
1361 4764 1472 4818 autem
1493 4755 1664 4837 potentiae
1686 4764 1764 4819 sunt
1784 4775 1896 4837 amor,
1919 4755 2031 4820 odium
2055 4767 2090 4819 et
2112 4751 2170 4823 alil

1182 4835 1336 4916 affectus,
1360 4852 1392 4904 et
1427 4859 1501 4904 cum
1523 4838 1588 4905 hac
1611 4836 1802 4927 copulatum
1822 4853 1874 4906 est
1896 4840 1929 4905 in
1951 4839 2170 4922 hominecor,

232 4918 366 4988 illustre
396 4921 619 4990 testimonium
653 4933 705 4990 est
737 4922 769 4987 in
801 4920 962 5010 Symbnlo
989 4922 1128 4990 Niceno.
1183 4924 1273 5009 quod
1296 4926 1403 5012 gignit
1426 4925 1580 5011 Spiritus,
1603 4924 1758 4993 videlicet
1778 4925 1964 4993 flammulas
1981 4929 2067 5014 quae
2089 4936 2172 4996 sunt

145 5004 257 5078 Credo
287 5010 321 5074 iu
344 5008 501 5092 Spiritum
524 5021 678 5077 sanctum
707 5010 873 5075 dominum
895 5009 1128 5092 vivificantem,
1181 5012 1384 5079 incitatrices
1418 5012 1594 5100 actionum,
1627 5026 1774 5081 motuum
1807 5027 1840 5080 et
1873 5013 2060 5081 aii'ectuum.
2114 5013 2171 5084 sit

146 5098 204 5165 ubi
235 5118 312 5164 cum
337 5094 483 5197 Spiritus
513 5108 653 5165 sanctus
684 5097 872 5162 nominatur
899 5094 1064 5165 Dominus
1095 5108 1130 5164 et
1180 5099 1282 5188 igitur
1301 5097 1369 5166 hoc
1391 5102 1571 5168 discrimen
1592 5102 1680 5169 inter
1700 5103 1796 5168 nasci
1817 5111 1852 5169 et
1870 5103 2068 5192 procedere·

233 3679 432 3766 Quanquam
459 3689 568 3746 antem
598 3680 641 3745 dc
668 3680 816 3746 essentia
839 3680 904 3746 Dei
930 3680 1003 3747 sine
1030 3680 1146 3755 certis,

147 3767 345 3833 testimoniis
367 3765 579 3853 necAngeli,
603 3788 668 3835 nec
690 3765 749 3832 ulli
760 3765 931 3834 Doctores
954 3784 1047 3834 certo
1069 3788 1133 3834 nos

146 3854 281 3941 possint
303 3854 437 3933 docere,
460 3864 569 3918 tamen
591 3865 769 3941 postquam
785 3852 880 3920 Deus
903 3873 942 3918 se
964 3851 1132 3941 patefecit,

147 3949 183 4005 ct
204 3941 344 4004 verbum
364 3959 461 4005 suum
473 3938 649 4006 Ecclesiae
671 3941 818 4019 tradidit,
840 3938 922 4007 utile
944 3957 998 4007 est
1018 3961 1134 4020 nosse,

148 4027 227 4114 quid
250 4027 382 4110 probati
402 4025 553 4091 homines
582 4029 615 4093 in
638 4028 744 4112 prima
767 4038 801 4093 et
824 4029 957 4112 puriore
977 4025 1133 4093 Ecclesia

147 4115 334 4192 senserint,
363 4114 418 4198 qui
442 4113 627 4178 doctrinam
655 4115 699 4179 ab
720 4110 895 4200 Apostolis
917 4125 1132 4199 acceperunt,

77 4352 81 4360 ,
146 4294 227 4366 tate,
245 4298 280 4353 ut
303 4287 485 4370 posteritas
508 4288 774 4365 confirmaretur,
797 4288 890 4352 iuxta
917 4287 1058 4354 dictumt
1090 4284 1133 4352 Et

148 4381 187 4438 tu
207 4392 395 4440 conversus
417 4370 580 4441 confirma
600 4371 723 4440 iratres
745 4383 835 4441 tuos.
