4628 5588
63 230 85 244 ..
145 144 211 219 “l
248 184 251 187 Δ
302 174 305 179 ·
780 143 893 210 Ptttu.
915 142 1020 209 Mur.
1042 140 1232 210 SCRIPTA
1254 141 1534 215 bouturt‘ttcs
1866 189 1869 199 ·
2094 141 2167 211 m

147 352 191 399 an
212 333 273 398 tibi
295 332 374 397 data
394 332 440 398 rit
459 332 625 398 remissio.
655 329 749 399 llaec
771 326 964 419 imaginatio
987 350 1129 417 prorsus
1181 329 1270 410 Deo,
1291 343 1326 396 et
1346 328 1468 397 latetur
1489 350 1568 397 esse
1589 330 1709 397 iustam
1725 331 1808 395 irim
1829 329 1913 412 Dei,
1941 342 1976 397 et
2001 333 2084 417 petit
2104 351 2166 399 ve·
2223 332 2227 342 '

148 430 203 484 est
222 416 374 485 Ethnico.
1182 420 1283 494 niam,
1307 429 1340 482 et
1361 438 1437 483 eum
1459 416 1525 482 lide
1548 438 1665 483 revera
1676 417 1812 500 incipiat
1822 418 2038 503 acquiescere
2058 419 2093 483 iu
2110 417 2168 484 Fl-

186 535 188 541 ·
597 558 600 563 .
712 500 722 515 '
1101 559 1104 563 .
1182 499 1229 567 lio
1252 501 1328 582 Dei,
1352 512 1445 569 certo
1468 505 1588 588 accipit
1610 503 1839 569 remissionem
1862 514 2089 588 peccatorum,
2109 503 2167 571 Ac

234 590 307 654 Nos
340 598 457 653 contra
488 586 543 653 bis
576 588 747 653 erroribus
781 590 980 674 oponimus
1013 609 1130 654 vocem
1183 589 1352 654 discamus
1373 586 1460 654 bane
1481 609 1560 654 osse
1581 587 1786 655 voluntatem
1806 588 1891 669 Dei,
1912 600 1950 655 ut
1970 591 2166 676 acquiesca-

148 675 340 762 Evangelii,
374 687 408 739 et
435 675 575 739 dicimus
599 686 761 758 oportere
817 676 927 760 iquam
949 694 1131 767 assequu-
1183 684 1266 738 mus
1280 676 1314 739 in
1335 675 1576 759 promissione,
1598 687 1632 740 et
1653 687 1838 740 statuamus
1870 694 1934 740 nos
1963 677 2015 740 sic
2045 676 2180 762 recipi,-

148 764 326 839 tritionem,
344 762 378 824 id
400 772 463 839 est,
485 780 587 826 veros
611 780 769 844 pavores,
791 772 824 824 et
847 757 981 824 dolores
1003 763 1131 826 intuen·
1183 772 1216 825 et
1238 761 1357 825 donari
1378 762 1609 826 remissionem
1630 773 1858 846 peccatorum,
1887 763 1989 846 idque
2015 763 2085 847 agit
2105 763 2168 828 tui-

147 860 201 915 tes
223 849 306 913 lratn
339 844 416 925 Dei,
448 847 504 932 qui
539 848 573 910 in
601 843 677 910 aliis
698 848 826 932 magis,
858 847 891 918 in
918 842 994 911 aliis
1021 847 1131 910 ntinus
1182 847 1304 925 nister,
1336 846 1369 910 in
1398 843 1605 913 absolvendo
1633 846 1779 933 applicat
1805 844 1945 934 singulis
1972 850 2168 932 promissio·

148 954 246 1017 aeres
267 930 364 1011 sunt,
387 933 448 997 sed
470 953 537 996 non
559 933 683 1016 pendet
704 954 745 996 ex
767 931 884 996 borum
907 933 1131 1017 magnitudine
1180 950 1266 996 nem.

22 1032 30 1039 '
81 1042 86 1049 ·
147 1020 320 1094 remissio,
348 1040 464 1084 verum
494 1029 625 1103 oportet
646 1019 809 1083 accedere
830 1017 944 1095 fidem,
974 1038 1041 1103 qua
1070 1018 1130 1084 tibi

147 1107 212 1192 ipsi
242 1107 361 1170 credm
390 1106 510 1169 remitti
532 1105 638 1190 gratis
654 1116 801 1253 propter
825 1104 1057 1181 mediatorem,
1089 1103 1130 1183 de
1262 1099 1375 1179 &mul
1403 1101 1501 1168 etiarn
1524 1123 1599 1168 cum
1626 1106 1660 1169 iu
1692 1101 1751 1169 tali
1774 1105 1974 1170 contritione
2002 1102 2102 1169 homo
2124 1125 2170 1173 se

145 1193 213 1261 bac
234 1191 301 1255 fide
324 1193 445 1256 dictum
468 1202 538 1255 est:
572 1190 652 1255 lusti
678 1190 848 1269 eutlinde,
881 1209 997 1273 pacem
1030 1187 1131 1253 habe-
1182 1189 1315 1254 subiicit
1335 1186 1431 1268 Deo,
1458 1200 1509 1255 ,et'
1528 1189 1594 1253 fide
1627 1210 1702 1255 eum
1729 1191 1884 1268 invocat,
1917 1201 1952 1255 et
1973 1191 2086 1275 incipit
2107 1212 2169 1257 ae·

147 1298 221 1346 ntus
243 1278 333 1362 apud
356 1275 483 1355 Deum,
516 1286 550 1340 et
570 1277 599 1339 si
621 1274 706 1341 baec
729 1273 831 1353 fides,
860 1286 894 1340 et
916 1276 1037 1339 fiducia
1059 1273 1130 1339 Filii
1182 1276 1359 1360 quiescere
1381 1276 1414 1339 in
1436 1274 1634 1341 mediatore:
1659 1278 1757 1340 datur
1778 1297 1896 1343 revera
1918 1277 2058 1363 Spiritus
2086 1266 2171 1343 san·

146 1362 213 1430 Dei
235 1382 302 1427 non
319 1363 525 1440 accenditur,
546 1381 641 1426 mens
664 1382 731 1426 nott
752 1364 898 1426 intuetur
919 1360 1036 1426 Filium
1055 1360 1132 1441 Dei,
1183 1373 1269 1440 etus,
1292 1373 1325 1425 et
1346 1358 1522 1426 inchoatur
1538 1383 1627 1427 nova
1646 1363 1844 1441 obedientia,
1865 1362 1900 1425 id
1923 1375 1988 1441 est,
2005 1361 2170 1430 voluntas

146 1471 216 1516 nou
239 1449 333 1514 ducit
354 1449 605 1531 propitiatorem
632 1468 722 1512 esse.
765 1448 918 1512 Necesse
947 1459 1001 1512 est
1021 1460 1131 1512 autern
1182 1448 1248 1512 latu
1269 1446 1370 1511 babet
1398 1449 1521 1511 bonum
1544 1450 1767 1534 propositum,
1801 1451 1915 1534 agnita
1937 1451 2171 1516 misericordie

44 1579 48 1591 ι
146 1538 302 1619 teipsum
323 1531 640 1622 agnoscereliilium
651 1533 728 1611 Dei,
746 1545 780 1598 et
800 1533 891 1597 bunc
912 1534 942 1597 ei
963 1535 1130 1619 proprium
1183 1533 1248 1597 Dei
1260 1534 1373 1616 incipit
1394 1553 1468 1597 eum
1492 1531 1648 1619 diligere,
1670 1546 1704 1599 et
1725 1534 1895 1614 invocare,
1915 1547 1949 1601 et
1970 1556 2040 1602 non
2060 1534 2165 1627 fugit,

146 1620 323 1691 bonorem.
344 1622 513 1700 tribuere,
547 1632 583 1685 ut
614 1621 672 1685 tibi
694 1621 954 1705 propitiatorem,
977 1633 1011 1685 et
1031 1623 1131 1684 inter·
1182 1634 1219 1686 ut
1236 1617 1368 1706 fugiunt
1390 1617 1485 1698 Cain,
1507 1617 1590 1686 Saul
1611 1631 1644 1685 et
1665 1616 1801 1686 similes.

149 1727 340 1785 cessorem,
373 1717 406 1771 et
440 1727 602 1771 summum
636 1707 846 1772 sacerdotem
879 1725 958 1785 esse
988 1718 1130 1771 statuas.
1770 1739 1773 1744 ·

148 1793 248 1860 Hunc
274 1791 437 1856 bonorem
458 1813 526 1857 non
549 1793 580 1857 ei
602 1795 749 1857 tribuunt
771 1791 912 1871 diaboli,
942 1793 998 1878 qui
1032 1793 1130 1867 etiam
1268 1787 1358 1869 Dixi,
1380 1790 1547 1875 quomodo
1568 1790 1626 1875 lint
1649 1791 1837 1871 conversio,
1859 1786 2002 1872 scilieet,
2025 1800 2175 1858 concur·'

146 1877 479 1957 commentorium,
501 1874 1131 1963 remissionempeceatorunrvidelicet
1183 1877 1332 1941 rentibus
1364 1873 1417 1941 bis
1448 1879 1693 1942 mutationibus.
1737 1877 1775 1942 ln
1804 1878 1938 1943 bomine
1965 1880 2106 1963 primatu
2128 1878 2171 1944 fit

148 1966 268 2032 donari
290 1962 376 2043 aliis,
399 1985 465 2037 non
488 1966 563 2029 sibi.
608 1964 723 2050 ltaque
752 1967 861 2029 donec
882 1963 983 2029 bomo
1004 1974 1131 2030 tantum
1184 1963 1361 2041 contritio,
1393 1984 1469 2033 curn
1503 1964 1705 2051 cogitatione
1735 1965 1806 2029 irae
1837 1962 1904 2029 Dei
1935 1973 2171 2051 expavescunt

38 2046 45 2055 ⁰
147 2050 236 2118 banc
259 2048 449 2137 generalem
471 2052 670 2117 sententiam
692 2052 817 2130 credit,
839 2048 913 2115 aliis
925 2052 1044 2116 remitti
1062 2071 1144 2117 nnn·
1183 2049 1301 2127 cotila,
1333 2059 1366 2112 et
1387 2068 1469 2114 vero
1493 2048 1609 2115 dolore
1632 2049 1823 2115 alliciuntur
1854 2061 1992 2134 propter
2014 2062 2168 2136 peccata.

148 2139 225 2217 sibi,
247 2138 393 2202 nondum
416 2138 528 2203 tribuit
549 2157 665 2202 verum
687 2138 849 2203 bonorem
871 2133 955 2203 Filio
973 2136 1050 2217 Dei,
1067 2157 1131 2202 nec
1183 2133 1313 2202 Deinde
1335 2133 1372 2199 lit
1394 2133 1592 2215 consolatio,
1614 2157 1681 2222 qua
1701 2134 1767 2200 lide
1782 2136 1945 2222 accipitur
1961 2137 2113 2202 remissio
2132 2149 2170 2203 et

41 2303 43 2306 Α
147 2225 212 2292 sibi
233 2221 380 2311 applicat
400 2224 666 2309 promissionem.
1184 2222 1288 2285 corda
1308 2221 1467 2306 incipiunt
1488 2222 1707 2308 acquiescere
1728 2224 1761 2288 in
1784 2220 1860 2286 Deo
1882 2235 2020 2307 propter
2040 2222 2180 2291 media.

308 2358 314 2365 .
480 2358 483 2363 ,
1084 2340 1088 2345 -
1183 2318 1307 2384 torem,
1341 2319 1374 2371 et
1405 2327 1524 2373 rursus
1551 2307 1711 2373 inchoant
1738 2308 1969 2388 obedientiam,
2003 2319 2036 2374 et
2068 2329 2169 2394 spem

236 2394 353 2480 ltaque
374 2392 488 2458 luceat
509 2394 542 2457 in
563 2390 719 2458 Ecclesia
751 2394 928 2460 discrimen
961 2390 1065 2480 legis,
1097 2404 1132 2458 et
1182 2394 1272 2457 vitae
1304 2405 1469 2460 aeternae.
1506 2393 1607 2459 ilaec
1634 2395 1681 2460 ita
1703 2393 1793 2474 fieri,
1826 2394 2000 2461 manifeste
2021 2405 2170 2460 testatur
2186 2399 2206 2422 '¹

147 2477 336 2565 Evangelii,
356 2491 390 2544 et
406 2480 515 2549 sciant
537 2500 653 2548 omnes
676 2481 845 2567 propriam
867 2478 1049 2545 esseEvan
1076 2476 1130 2543 elii
1183 2479 1386 2563 experientia
1408 2480 1552 2544 omnium
1569 2481 1698 2565 piorum
1720 2482 1753 2546 in
1765 2477 1931 2562 Ecclesia,
1952 2501 2094 2566 quorum
2114 2490 2167 2546 te·

172 2566 423 2645 remissionem,
464 2585 552 2650 quae
584 2568 729 2631 ostendit
766 2567 979 2631 mediatorem
1011 2566 1049 2630 F·
1066 2568 1130 2630 ium
1182 2564 1372 2629 stimonium
1392 2586 1461 2631 non
1483 2567 1760 2633 contemnendum
1782 2579 1853 2646 cst,
1873 2579 1910 2632 ut
1929 2563 2042 2633 David
2063 2585 2167 2653 expa-

183 2654 232 2732 ei,
265 2662 299 2714 'et
327 2652 486 2737 promittit
513 2666 651 2737 propter
678 2671 757 2718 eum
779 2653 884 2738 gratis
912 2652 1030 2718 remitti
1053 2672 1130 2739 pec·
1182 2652 1289 2716 vescit
1311 2651 1462 2736 primum,
1485 2652 1653 2738 inquiens:
1677 2650 1999 2738 PeccaviDomino.
2033 2651 2167 2718 Deinde

149 2750 237 2817 cata,
261 2750 294 2802 et
317 2739 351 2802 in
375 2735 461 2801 bane
482 2738 734 2821 promissionem
761 2737 985 2804 universalem
1007 2735 1129 2825 singuli
1182 2737 1318 2823 erigitur
1342 2735 1586 2818 consolatione,
1609 2737 1984 2806 credensabsolutionir
2005 2738 2165 2808 No'ttmo·

147 2838 211 2888 ttos
240 2826 335 2907 ipsos
361 2824 395 2888 in
419 2824 506 2889 veris
533 2821 705 2889 doloribus
727 2822 955 2904 includamus,
989 2836 1021 2889 et
1044 2827 1129 2890 seia·
1182 2825 1290 2903 rieri's,
1312 2821 1477 2888 Dominus
1499 2823 1637 2890 abstulit
1662 2839 1834 2908 peccatum
1863 2837 1965 2905 tuum,
1988 2835 2021 2890 et
2041 2823 2166 2891 Esaiae

146 2930 223 2975 mus
245 2911 435 2974 mandatum
457 2908 521 2973 Dei
543 2929 639 2990 esse,
663 2922 698 2974 ut
721 2907 837 2975 Filium
860 2909 924 2976 Dei
947 2912 1130 2989 audiamus,
1181 2907 1235 2973 38.
1279 2907 1352 2973 Rex
1378 2908 1543 2981 Ezechias
1573 2912 1732 2976 describit
1757 2930 1920 2997 pavorest
1953 2910 2057 2984 Quasi
2089 2910 2164 2975 Leo

32 3064 38 3075 ,
149 2997 236 3062 etei
259 2997 441 3060 tribuamus
474 2995 636 3060 honorem
657 2997 901 3082 propitiatoris,
937 3008 969 3061 et
991 3000 1130 3081 promis·
1183 2995 1340 3059 contrivit
1362 2997 1564 3060 omniaossa
1578 3018 1652 3062 ntea
1674 3009 1735 3061 ete.
1781 2994 2173 3065 Postmoconsotatto·

147 3084 276 3147 sionem
293 3078 542 3163 amplectamur.
1182 3101 1273 3144 nent:
1308 3079 1483 3146 l'roiecisti
1512 3095 1589 3167 post
1618 3093 1747 3168 tergum
1777 3083 1886 3147 omnia
1914 3094 2054 3167 peccata
2075 3101 2163 3161 mea,

341 3212 344 3215 -
1182 3177 1215 3230 et
1236 3167 1362 3253 scripta
1392 3168 1519 3252 piorum
1548 3180 1584 3233 ut
1605 3168 1781 3255 Augustini
1810 3182 1844 3235 et
1870 3167 2060 3233 Bernltardl
2081 3181 2163 3233 con·

236 3250 320 3317 Cum
341 3252 442 3355 igitur
459 3250 526 3317 hoc
548 3254 648 3317 modo
669 3263 895 3318 sustentamus
918 3274 982 3319 nos
1005 3254 1129 3339 cogita·
1182 3263 1315 3338 gruunt.
1370 3252 1489 3337 Longa
1528 3267 1581 3319 est
1599 3245 1736 3320 'concio
1769 3253 1958 3320 Bernhardi
1997 3254 2164 3334 docentis,

140 3340 239 3404 tione
260 3337 511 3422 promissionis,
542 3335 670 3404 etEilii
691 3337 777 3404 Deir
811 3340 1005 3404 accenditur
1032 3339 1129 3418 tides,
1181 3339 1338 3423 coniungi
1371 3352 1527 3423 oportere
1560 3341 1792 3406 contritionem
1826 3355 1857 3406 et
1887 3339 1996 3405 fidem.
2061 3338 2164 3406 Dicat

149 3437 183 3488 et
205 3443 330 3488 causae
352 3436 590 3489 concurrentes
608 3436 697 3503 sunt,
720 3446 787 3489 vox
804 3423 978 3511 Evangelii
1001 3436 1034 3489 et
1056 3424 1128 3510 Spi·
1180 3426 1322 3510 quisque
1344 3425 1377 3488 iu
1399 3445 1525 3508 pavore
1547 3446 1627 3491 suo:
1649 3410 1822 3492 vadatnad
1835 3438 1949 3512 portes
1966 3423 2161 3505 inferorum,

127 3511 234 3594 ,ritus
253 3522 418 3587 sauctus,
451 3522 483 3573 et
510 3531 605 3577 mens
639 3513 790 3597 cogitans
820 3513 1074 3596 promissionem
1096 3523 1130 3576 et
1179 3522 1217 3575 ut
1232 3512 1302 3589 ianr
1325 3531 1392 3575 non
1415 3511 1478 3574 nisi
1511 3513 1542 3575 in
1566 3510 1640 3577 sola
1662 3512 1726 3577 Dei
1759 3513 1986 3578 misericordia
2019 3514 2164 3595 respire-

149 3592 317 3672 voluntas,
331 3617 380 3659 ae
403 3615 463 3659 cor
484 3615 550 3662 nou
574 3617 778 3682 repugnans,
796 3598 856 3662 sed
875 3610 1035 3681 expetens
1050 3617 1129 3663 con·
1162 3616 1265 3661 niue.
1309 3595 1402 3662 llaec
1429 3608 1482 3661 est
1509 3619 1590 3664 vera
1612 3598 1740 3664 fiducia
1763 3619 1850 3684 quae
1872 3599 1914 3663 ad
1937 3618 2083 3684 pavores
2106 3619 2163 3665 ac·

148 3678 347 3755 solationem
371 3681 525 3759 divinam,
548 3693 582 3746 et
600 3685 790 3747 assentiens
809 3680 1032 3768 promissioni,
1055 3705 1129 3749 curn
1181 3683 1282 3761 cedit,
1306 3685 1357 3747 cui
1379 3683 1608 3750 misericordia
1631 3705 1700 3750 non
1722 3685 1917 3772 denegatur.

32 3814 37 3825 .
149 3768 279 3852 quidem
314 3779 343 3830 et
367 3787 387 3830 a
409 3766 534 3850 Spiritu
556 3782 674 3832 saneto
696 3770 872 3833 adiuvatur
905 3782 938 3834 et
967 3771 1052 3834 inter
1074 3770 1130 3833 tri·
1456 3830 1459 3835 .

148 3865 221 3918 stes
245 3854 385 3938 gemitus
408 3853 544 3938 erigitur
562 3867 746 3938 conspectu
768 3851 926 3936 FiliiDei‚
944 3876 1039 3941 quem
1063 3868 1130 3919 sta·
1267 3853 1326 3919 Sie
1347 3867 1382 3919 et
1403 3852 1603 3941 Prophetae,
1638 3867 1671 3920 et
1699 3852 1854 3942 Apostoli
1876 3856 1919 3921 de
1941 3855 2164 3928 conversione

149 3939 221 4016 tuit,
243 3959 310 4003 non
333 3935 457 4002 frustra
478 3935 602 4003 iactum
625 3960 704 4005 esse
726 3941 902 4021 victimam,
925 3953 956 4006 et
978 3939 1043 4005 bae
1065 3941 1131 4004 lide
1182 3941 1433 4018 concionantur,
1465 3955 1500 4005 ut
1523 3938 1647 4008 Paulus
1669 3944 1700 4006 in
1724 3939 1788 4007 bac
1811 3943 1885 4027 ipsa
1908 3939 2060 4028 Epistola
2081 3962 2164 4007 eon-

150 4025 264 4092 credis
287 4043 352 4088 non
375 4033 500 4088 tantum
522 4021 608 4104 aliis,
642 4028 703 4092 sed
726 4027 784 4093 tibi
806 4029 888 4111 ipsi,
920 4039 1057 4113 propter
1078 4026 1130 4092 rt·
1180 4028 1286 4114 iungit
1307 4026 1593 4092 mortificationem
1628 4039 1660 4092 ct
1682 4027 1951 4113 vivificationem,
1983 4027 2037 4093 Ae
2057 4025 2163 4093 valde

148 4107 229 4175 liunt
251 4109 316 4175 Dei
338 4112 443 4195 gratis
466 4111 603 4175 remitti..
1181 4114 1320 4198 prodest
1342 4114 1467 4177 moneri
1489 4115 1648 4192 iuniores
1665 4114 1750 4179 baec
1771 4112 1939 4180 vocabulo
1960 4115 2095 4200 proprie
2117 4112 2161 4179 de

903 4246 908 4255 -
1181 4220 1263 4265 vcra
1296 4199 1518 4265 conversione
1550 4201 1593 4264 ad
1625 4198 1734 4266 Deum
1756 4197 1969 4286 intelligenda
1993 4220 2093 4279 esse,
2125 4210 2163 4264 et
2254 4248 2257 4253 -

240 4278 323 4347 Cum
353 4278 438 4347 baec
466 4280 550 4346 fides
573 4289 719 4348 ascensa
742 4295 811 4362 est,
822 4284 896 4348 ‚iam
920 4295 954 4348 et
976 4284 1130 4348 contritio
1181 4286 1394 4350 reiiciendam
1428 4304 1506 4349 esse
1539 4288 1842 4371 interpretationem
1866 4307 1992 4366 eorum,
2024 4286 2080 4372 qui
2103 4284 2162 4351 de·

149 4366 188 4433 fit
210 4368 309 4433 timor
331 4363 440 4431 filialis
448 4411 459 4446 ,
493 4380 525 4432 et
556 4367 755 4449 sacrificium
777 4370 869 4433 iuxta
891 4366 987 4434 illutlt
1020 4369 1131 4434 Sacri·
1182 4383 1349 4436 torserunt
1372 4368 1465 4437 Pauli
1488 4372 1577 4436 dieta
1599 4375 1642 4438 ad
1665 4372 1883 4460 Hypuctisin,
1916 4373 1958 4438 atl
1980 4374 2065 4437 ritus
2087 4369 2163 4435 lilo-
2207 4414 2210 4418 -

148 4451 261 4518 ficiunt
285 4451 360 4517 Deo
383 4465 526 4539 gratum,
549 4456 686 4540 spiritus
710 4453 952 4522 contribulatus
977 4468 1041 4521 etc.
1064 4454 1131 4521 Cor
1181 4456 1492 4551 nachorurngettt'd
1516 4457 1595 4522 talia
1616 4457 1754 4543 puen‘lia
1776 4458 1950 4536 exercitia,
1972 4457 2041 4523 Sed
2065 4455 2164 4524 Pauli

139 4538 306 4604 -lrascitur
328 4550 479 4622 peccato,
498 4537 587 4605 dolet
610 4538 718 4606 Deum
741 4541 902 4607 offensum
925 4562 1018 4626 esse,
1043 4540 1129 4607 alios
1181 4545 1343 4609 sententia
1365 4543 1543 4628 perspicua
1565 4557 1616 4609 est
1638 4546 1831 4610 observanti
1860 4540 2008 4628 pondera
2042 4546 2164 4611 verbo·

148 4621 265 4689 laesos
273 4644 362 4703 esse,
372 4623 459 4689 dolet
468 4623 655 4690 Ecclesiam
663 4625 919 4712 pollntantessc,
928 4627 1020 4693 dolet
1033 4648 1130 4693 scan-
1182 4652 1269 4697 tunt:
1287 4628 1378 4693 Estis
1397 4631 1515 4695 rnortui
1537 4631 1699 4715 peccatis,
1720 4630 1960 4696 et'cireunteisi
1990 4630 2163 4695 circurnel·
2235 4663 2244 4679 ,

149 4706 358 4776 dalaexitata
366 4708 717 4798 esse,doletSpiritunt
729 4725 878 4779 sanctuni
892 4712 1130 4780 inntultiscon·
1180 4715 1276 4782 sione.
1297 4736 1367 4780 nou
1383 4736 1482 4781 mauu
1500 4712 1601 4796 lacta,
1618 4719 1770 4782 exuendo
1794 4737 1917 4802 corpus
1944 4727 2163 4801 peccatorum

148 4796 313 4861 tristatum
322 4817 412 4876 esse,
422 4794 639 4863 doletattrttbi
649 4797 1130 4883 poenassantillacetcaeteris,
1180 4802 1302 4867 carnis.

149 4878 242 4949 dolet
260 4883 408 4967 impediri
432 4886 551 4968 poenis
570 4880 710 4951 aliorum
728 4886 982 4975 litterationem,
1006 4898 1040 4952 et
1064 4883 1131 4952 alia

142 4970 339 5037 necessaria
353 4966 475 5036 officia.
495 4970 649 5057 Denique
662 4971 917 5038 innumerabiles
930 4994 1052 5040 causae
1063 4996 1131 5039 ma·
1247 4971 1360 5040 'llaec
1384 4976 1406 5041 d
1469 4973 1647 5041 ontrltioue
1670 4975 1840 5052 dicuntur,
1863 4984 1993 5060 postea
2014 4973 2056 5040 da
2083 4973 2164 5055 fide,

114 5135 116 5140 A
146 5073 290 5142 gnorunt
314 5051 466 5122 dolorum
488 5069 703 5125 concurrunt.
730 5058 780 5125 lta
801 5057 921 5125 dolens
939 5079 979 5125 se
997 5060 1131 5127 subiicit
1182 5076 1257 5146 qua·
1271 5060 1425 5127 fitconso
1439 5062 1518 5140 atla,
1536 5060 1659 5148 lnquit:
1680 5058 1786 5128 Simul
1802 5060 1994 5132 resuscitati
2008 5062 2164 5146 estispes
