4628 5588
133 243 195 312 raa
763 240 878 307 earn.
900 241 1004 309 aar..
1028 242 1217 309 samma
1233 239 1512 309 nonnanes
1615 246 1621 255 ·
1692 218 1695 223 ’
2089 229 2153 300 rao

341 434 433 507 „Sint
456 435 546 513 igitur
568 441 599 493 et
622 433 763 513 dogmata
784 432 930 495 Ecclesia
954 443 1034 508 nota,
1054 443 1085 495 et
1103 441 1209 496 extent
1230 435 1413 515 proprietate
1435 398 1594 492 verborum
1618 431 1706 510 quasi
1728 437 1819 509 septa
1842 437 1873 490 et
1895 429 2017 489 munita.
2062 422 2152 487 Eam·

134 543 196 605 qao
218 523 258 582 olr
283 541 407 582 causam
431 521 516 581 initio
539 519 689 601 Symbola
712 520 833 581 condita
854 529 935 594 suot,
959 529 991 583 ut
1009 541 1128 581 somma
1151 520 1306 582 doctrinae
1330 522 1358 581 in
1382 527 1551 600 conspectu
1574 523 1662 578 esset
1684 517 1808 577 recitata
1829 516 1959 597 propriis
1980 514 2095 585 verbis,
2119 520 2154 574 ut

133 609 247 672 iisdem
270 607 403 690 syllabis
426 607 485 669 bae
507 626 558 668 res
580 608 762 687 praecipuae
786 607 901 687 ubique
923 609 953 668 io
976 606 1130 669 Ecclesiis
1152 613 1397 690 proponerentur.

342 766 392 826 Ac
414 782 492 824 nune
514 782 636 842 quoqne
659 763 687 822 in
708 760 925 823 diiudicatione
948 765 1220 824 controversiarum
1244 761 1431 843 qnamndum
1454 760 1546 821 simili
1570 758 1727 840 diligentia
1749 778 1829 839 opus
1852 765 1948 819 esset.
1995 753 2074 820 Cum
2102 777 2154 818 an·

36 875 39 879 ’
135 858 197 913 tem
219 850 279 912 lrae
300 856 403 912 botae
425 870 476 910 res
499 869 558 909 non
576 850 638 909 sint
660 869 749 910 curae
771 851 900 909 summis
918 850 1180 929 gubernatoribus,
1204 869 1261 911 nos
1279 851 1309 910 in
1323 847 1442 911 scholis
1459 848 1550 909 decet
1564 866 1678 919 curare,
1701 855 1734 908 ut
1753 851 1837 908 extet
1854 844 2006 907 doctrinae
2024 864 2155 917 summa,
2223 865 2227 874 ·

136 945 279 1019 qnantum
303 937 367 998 lieri
390 930 505 1016 potest,
528 936 596 995 sine
619 936 816 1014 ambiguitate
837 937 980 1014 recitata5
1004 937 1155 1016 quianon
1178 938 1207 998 in
1231 935 1350 999 scholis
1373 932 1504 998 subinde
1526 934 1689 1016 praecipua
1711 930 1866 995 doetrinae
1889 933 1987 1014 capita
2004 939 2155 1014 repetere,

135 1031 171 1088 at
192 1025 227 1086 fit
247 1025 278 1085 in
299 1022 410 1105 puerili
431 1020 605 1104 κατηχήσει,
628 1042 761 1083 necesse
784 1028 843 1085 est.

342 1177 431 1239 llaec
453 1178 544 1257 igitur
567 1177 717 1238 enarratio
741 1176 881 1259 Symboli
903 1176 1012 1240 Niceni
1035 1199 1053 1240 a
1077 1176 1222 1258 Casparo
1241 1177 1413 1259 Ornciyero
1436 1178 1574 1240 instituta
1592 1181 1643 1237 est
1663 1177 1714 1257 pio
1738 1176 1883 1248 consilio,
1913 1183 1948 1237 nt
1974 1178 2062 1257 qnasi
2085 1196 2156 1236 evo·

134 1264 202 1329 lna
223 1263 364 1346 Symboli
387 1263 524 1326 doctrina
544 1271 771 1346 proponeretur,
791 1271 822 1324 et
844 1264 918 1326 ordo
941 1267 1039 1346 magis
1063 1267 1200 1346 conspici
1222 1273 1341 1346 posset,
1365 1265 1536 1326 distributis
1558 1263 1696 1345 partibus
1719 1261 1860 1345 symboli
1879 1264 1909 1322 in
1930 1264 2081 1327 membra:
2104 1281 2156 1324 vo·

135 1349 195 1414 lnit
218 1353 308 1414 etiarn
331 1354 450 1424 testari,
474 1369 532 1411 nos
551 1356 723 1411 reverenter
744 1350 885 1432 amplecti
909 1357 940 1412 et
962 1354 1038 1414 tueri
1060 1352 1138 1414 haec
1159 1352 1319 1434 Spmbola,
1342 1353 1522 1433 gravissima
1544 1351 1721 1413 auctoritate
1738 1350 1857 1423 tradita,
1881 1349 2057 1430 etquidem
2086 1350 2157 1412 reti-

137 1459 211 1500 nere
229 1440 360 1500 nativam
379 1457 483 1499 eornm
505 1439 696 1499 sententiam.
2115 1437 2118 1441 '

344 1591 380 1654 ld
402 1592 563 1655 consilinm
586 1613 654 1655 cum
677 1564 728 1653 alii
751 1593 929 1672 probarent,
952 1600 984 1653 et
1005 1593 1127 1674 qnidam
1150 1593 1247 1666 docti,
1269 1594 1313 1677 pii
1335 1601 1367 1657 et
1387 1613 1497 1675 graves
1519 1594 1573 1654 viri
1596 1599 1816 1674 campartem,
1846 1613 1924 1675 qnae
1953 1592 2034 1657 edita
2054 1591 2157 1670 est')

137 1678 291 1763 prodesse
312 1679 429 1760 plorum
452 1680 565 1742 studiis
588 1681 794 1753 iudicassent,
825 1699 934 1743 rursus
956 1699 1023 1741 earn
1047 1680 1211 1754 edidimus,
1234 1681 1347 1743 additis
1370 1681 1487 1762 aliquot
1510 1680 1680 1762 capitibus,
1708 1678 1838 1741 addituri
1867 1683 1957 1743 etiam
1980 1688 2097 1752 catera,
2126 1680 2156 1739 si

137 1767 190 1830 bic
211 1764 298 1829 labor
319 1767 408 1828 vobis
430 1768 635 1848 probabitur.“

346 1955 434 2018 Haec
454 1955 610 2018 Enarratio
633 1954 774 2037 Symboli
791 1956 911 2028 Niceni,
936 1964 968 2017 et
990 1954 1199 2038 Crucigeri
1219 1958 1334 2019 initium
1353 1977 1381 2018 a.
1409 1960 1498 2018 1548.
1525 1957 1650 2030 editum,
1674 1978 1782 2039 nempe
1804 1957 1933 2038 priorem
1954 1955 2006 2017 De
2026 1955 2159 2018 indiciis

139 2041 338 2127 Spendorrua
349 2051 476 2125 partem,
500 2051 531 2105 et
551 2042 827 2104 Melantbonis
851 2045 1105 2105 continuationem
1129 2064 1196 2105 cnm
1209 2044 1349 2105 eiusdem
1371 2043 1558 2125 praefatione
1581 2045 1766 2122 continens,
1793 2043 1904 2125 prodiit
1914 2064 1942 2108 a.
1956 2047 2048 2107 1550.
2060 2045 2107 2105 sic
2118 2043 2160 2103 in·

139 2132 266 2212 scripta:

348 2282 523 2344 Dramatic
543 2282 685 2366 Spadoli
706 2283 840 2354 Niceni,
870 2282 1076 2365 conplectens
1104 2283 1216 2345 ordine
1238 2283 1414 2345 doctrinam
1443 2282 1606 2346 Ecclesiae
1628 2285 1692 2347 Dei
1713 2284 1850 2366 fideliter
1877 2286 2059 2356 recitatam,
2092 2303 2160 2345 cana

387 2371 592 2451 praefatione
615 2369 700 2430 Plril.
723 2368 934 2431 Melantdoais
962 2370 1005 2430 ad
1027 2369 1185 2432 Doctores
1205 2369 1369 2432 Ecclesiae
1390 2369 1455 2432 Dei
1481 2375 1515 2432 in
1537 2372 1691 2435 Saxonia.
1736 2371 1943 2434 Accesserant
1959 2374 2068 2454 priori
2095 2371 2159 2432 edi·

393 2458 476 2518 tioni
494 2454 602 2537 plures
622 2455 764 2540 Symboli
779 2464 902 2538 partes.
954 2456 1145 2539 Vitellerpae.
1188 2455 1244 2521 Ea
1266 2459 1392 2539 officina
1412 2457 1481 2520 Iob.
1505 2458 1741 2539 Laffl.1550.
1788 2461 1828 2521 20
1850 2457 1950 2541 plagg.
1973 2463 2001 2522 8.
2010 2461 2062 2538 ⁸⁸)

349 2612 435 2674 llaec
456 2610 514 2675 Ed.
537 2614 667 2695 repetita
689 2620 739 2673 est
760 2613 889 2693 primum
911 2609 1062 2675 Basileus
1080 2633 1148 2675 cum
1170 2612 1266 2675 bocco
1287 2612 1392 2678 titulo:

347 2765 489 2937 Sillii
508 2767 1161 2943 dimbld'iilliffissnilml‘illlmi
1169 2768 1299 2918 lii?
1321 2764 2161 2941 liillttdillilii-..lilliitlili‘i

392 2940 597 3003 Accesserant
612 2945 719 3022 priori
740 2943 877 3003 editioni
896 2876 1004 3023 pdrles
1023 2947 1028 3023 Ι
1046 2942 1188 3026 Symboli
1200 2903 1321 3025 parles.
1343 2945 1348 3029 1
1367 2943 1528 3006 Basileae.
1557 2946 1625 3006 sine
1648 2947 1717 3005 anni
1741 2945 1861 3007 indicio.
1878 2941 1957 3024 lili,
1982 2943 2081 3024 plagg.
2100 2943 2161 3005 litt.

392 3025 497 3100 A-Q
521 3026 564 3107 (Q
584 3028 617 3113 ss,
642 3028 739 3110 plag.)
761 3030 862 3114 sign,
887 3031 948 3091 245
972 3051 1059 3111 pagg.
1082 3051 1173 3101 narn,
1196 3030 1253 3094 ult.
1277 3035 1294 3092 3
1318 3051 1407 3112 pagg.
1427 3030 1533 3104 albae,
1564 3037 1592 3095 8.
1615 3034 1686 3093 min.
1711 3038 1793 3114 (pag.
1808 3036 1913 3094 3-9.
1935 3027 2015 3093 Phil.
2044 3030 2162 3091 Melan·

393 3112 497 3174 thanis
515 3115 662 3195 praelatio
685 3116 723 3175 ad
742 3114 944 3177 Reverendos
964 3118 1057 3189 viros,
1082 3117 1224 3179 doctores
1246 3116 1410 3179 Ecclesiae
1432 3118 1494 3180 Dei
1517 3120 1547 3179 in
1571 3118 1722 3191 Samala,
1747 3121 1829 3182 etin
1852 3118 1960 3179 vicinis
1983 3116 2161 3197 regionibus

397 3204 489 3262 1550.
513 3200 563 3261 die
587 3201 620 3264 S.
642 3200 739 3262 Marci
761 3202 982 3282 Evangelistae
1007 3207 1037 3281 Ιί.
1060 3225 1086 3267 e.
1112 3207 1161 3266 25.
1184 3205 1294 3284 April]
1318 3207 1447 3286 scripta;
1470 3227 1499 3288 p.
1515 3209 1661 3269 10—245
1686 3203 2162 3287 [s01.Qa·]Enarratiosym-

394 3286 459 3348 boli
482 3286 608 3361 Niceni,
639 3287 846 3369 complectens
877 3289 982 3350 ordino
1008 3290 1174 3352 doctrinam
1202 3291 1366 3353 Ecclesiae
1389 3291 1464 3365 Dei,
1499 3292 1628 3355 fideliter
1649 3295 1821 3364 recitatam,
1856 3312 1924 3354 cum
1954 3297 1992 3353 10
2015 3299 2161 3355 annotatt.

395 3393 463 3455 pag.
490 3377 626 3436 12-23.
651 3376 680 3435 in
703 3377 837 3456 margine
860 3377 1039 3458 adscriptis3
1062 3378 1115 3441 lol.
1140 3377 1339 3452 oab-ab
1363 3385 1493 3459 vacant).
1507 3380 1571 3455 Μ)

352 3532 475 3598 Deinde
498 3529 610 3614 Casp.
633 3529 834 3594 Pencerus
862 3553 889 3594 a.
916 3534 1008 3597 1562.
1030 3534 1110 3595 banc
1126 3533 1359 3596 -Enarrationem
1382 3536 1411 3597 in
1436 3555 1513 3597 suae
1537 3533 1741 3597 Collectionis
1767 3533 2006 3616 Witeberpeasis
2029 3531 2165 3616 Operm

146 3618 421 3688 Melanthonis
439 3624 560 3684 Partem
584 3617 604 3681 Ι.
629 3617 845 3701 (Witeberpae
866 3619 1041 3683 exardebat
1063 3620 1130 3684 lod.
1152 3621 1259 3683 Croto.
1291 3623 1386 3686 Anno
1408 3622 1453 3684 M.
1477 3620 1519 3684 D.
1542 3621 1647 3682 LXII.
1675 3621 1757 3700 Fol.)
1786 3622 1916 3703 recepit,
1945 3623 1974 3683 in
2005 3643 2065 3703 qua
2091 3622 2163 3685 loco

149 3716 283 3774 extremo
305 3709 359 3771 iol.
379 3714 520 3773 388⁸-
533 3709 620 3769 442²>
643 3707 755 3789 legitur
777 3714 860 3787 (cum
884 3712 945 3770 378
964 3709 1211 3772 annotationibus
1233 3709 1465 3791 marginalibus)
1487 3710 1536 3770 sic
1558 3709 1719 3789 inscripta:

355 3846 530 3908 Enarratio
551 3846 693 3932 Symbola·
714 3845 832 3911 Niceas'
854 3845 1059 3927 conrplectens
1088 3846 1199 3908 ordine
1221 3846 1398 3908 doctrinam
1419 3845 1583 3908 Ecclesiae
1604 3845 1669 3907 Dei
1685 3844 1823 3927 fideliter
1844 3848 2017 3911 recitatam
2059 3844 2163 3908 Edita

399 3954 482 3995 enno
505 3934 547 3997 M.
566 3932 610 3994 D.
632 3932 672 3995 Ι..
717 3932 794 3999 aa
809 3935 1013 4015 praefatione
1032 3932 1183 4015 Patappe
1198 3933 1419 4006 Melantdonis,
1442 3933 1486 3995 ad
1503 3931 1845 3996 Doctores-Ecclesiae
1865 3933 1931 3997 Dei
1951 3936 1985 3994 in
2006 3931 2163 3994 Sacorria.

356 4069 406 4132 Ex
428 4071 485 4132 bac
508 4068 599 4134 Parte
622 4071 673 4132 bie
693 4066 772 4131 liber
794 4071 823 4132 b.
845 4071 866 4133 l.
889 4073 1058 4144 recuditur,
1082 4073 1199 4134 omissa
1220 4079 1320 4134 tamen
1342 4073 1538 4153 praelatione,
1562 4074 1674 4154 qnippe
1697 4093 1776 4154 qnae
1799 4073 1858 4134 ianr
1881 4075 1912 4134 in
1935 4073 2026 4136 baius
2049 4070 2164 4155 Corpo-

151 4158 193 4219 ris
215 4155 288 4223 vot
311 4154 375 4220 vil
398 4179 427 4240 p.
448 4162 627 4222 575-579.
651 4157 785 4219 exhibita
807 4164 865 4219 est.

265 4414 293 4481 ⁸)
311 4417 381 4470 llaec
398 4424 517 4482 spectmt
533 4418 566 4470 ad
584 4418 647 4471 illud
666 4419 837 4471 enarrationis
855 4415 1015 4488 t'rnctpert
1031 4418 1131 4472 initium
1149 4418 1196 4485 (de
1214 4419 1315 4474 indiciis
1334 4419 1508 4485 smooomn)
1527 4432 1549 4473 a.
1570 4421 1644 4474 1548.
1663 4419 1770 4474 editum.

251 4513 292 4583 ‘')
308 4521 378 4573 llaec
394 4521 439 4574 lid.
457 4522 490 4575 ab
509 4522 623 4576 Hirscblo
640 4523 667 4575 ‘n
684 4523 778 4575 millen
797 4522 835 4574 lll.
854 4534 878 4586 p.
896 4523 937 4576 95.
954 4532 993 4574 nr.
1009 4523 1072 4575 579.
1091 4526 1151 4575 eta
1170 4523 1297 4577 strotella
1314 4524 1332 4575 l.
1348 4524 1368 4576 t.
1387 4536 1412 4587 p.
1424 4525 1480 4578 155.
1491 4523 1621 4577 recendb
1637 4524 1766 4578 invenitur
1783 4523 1808 4576 tn
1825 4523 1945 4611 biblioth.
1958 4530 2041 4577 senat
2051 4522 2165 4576 nomn.

242 4618 295 4687 ”’)
312 4617 387 4677 llaec
398 4624 443 4678 Ed.
462 4626 489 4679 in
504 4625 620 4680 Bibliotb
637 4630 723 4680 senat.
740 4625 851 4680 Norlnrb.
869 4631 895 4678 et
911 4627 938 4679 in
956 4625 1021 4679 mets
1038 4625 1111 4679 libris
1128 4629 1177 4680 est
