4628 5588
173 172 242 242 nce
936 167 1010 235 vn.
1039 167 1102 234 oc
1123 166 1433 240 communi.
1829 236 1842 263 ,
1923 242 1926 247 ,
2130 168 2199 267 ooo

174 334 408 438 catores,⁸non
474 368 570 423 entes
586 355 835 442 poenitentiam,
863 356 925 423 sed
946 358 1059 443 agenti
1079 377 1160 443 poc·
1209 359 1288 424 beat
1316 369 1464 437 vestem,
1497 370 1532 426 et
1562 359 1717 425 hominos
1750 379 1818 425 non
1849 359 2064 444 praemoniti,
2095 355 2197 427 tacto

173 448 344 515 nitentiam
367 466 443 512 man
467 457 557 510 atum
580 456 645 524 est,
676 454 715 509 ut
736 445 862 524 credat,
889 463 929 509 sc
974 455 1086 529 ropter
1108 442 1160 508 Fi·
1211 445 1388 529 capiuntur
1407 441 1466 510 illa
1488 467 1626 531 opernm
1649 445 1772 533 specio.
1817 444 1898 513 idco
1920 443 2040 513 taleso
2065 446 2196 512 inioncs

172 533 252 600 lium
286 530 352 597 Dei
385 532 490 618 gratis
522 530 627 615 recipi
658 542 692 596 et
713 531 832 615 accipi,
864 550 907 595 ac
928 464 1064 617 procero
1086 531 1159 596 eius
1209 533 1334 596 maiora
1357 553 1438 598 cura
1460 530 1654 598 refutandae
1676 544 1766 612 sunt,
1799 543 1833 598 et
1859 529 1959 598 simul
1980 551 2022 597 co
2106 533 2195 599 exci-

172 621 438 687 invocationemt
474 616 569 681 Hanc
602 616 678 682 fidei
706 615 817 682 lucem
839 637 907 699 non
930 618 1080 682 sinamus
1103 637 1159 682 cx·
1209 617 1312 682 tanda
1333 629 1411 683 sunt
1433 617 1477 683 ad
1499 639 1615 685 vcram
1635 620 1901 698 conversionem,
1925 639 2011 706 quae
2028 619 2104 704 sinc
2124 616 2195 695 ulla

171 709 280 793 tingui
301 702 399 770 salsis
422 704 633 789 opinionibus
655 704 698 769 de
721 702 952 769 satisfactione
975 700 1159 782 Canonica,
1209 705 1413 771 dubitatione
1435 705 1587 792 impetrat
1609 703 1767 771 auxilium
1788 705 1864 785 Dei,
1889 715 1924 773 et
1956 707 2195 795 mitigationem

173 795 263 859 sicut
285 811 390 875 saepe
420 791 455 854 in
476 787 630 855 Ecclesia
651 787 755 855 valde·
772 793 955 855 obscurato
977 800 1030 856 est
1058 790 1158 854 etiam
1207 793 1433 875 praesentium
1455 790 1690 907 cimbatum,
1710 805 1748 858 ut
1770 793 1894 859 dictum
1915 802 1979 858 est.

171 880 315 947 vetustis
349 877 571 961 temporibus,
604 887 735 943 etcum
761 876 963 963 extinguitur
990 875 1077 940 haec
1097 873 1157 940 iux

171 965 262 1044 fidei,
295 963 499 1048 recipiuntur
532 963 704 1048 opiniones
729 960 904 1041 Etbnicnc,
926 973 960 1028 et
982 959 1156 1041 Turcicae,
1293 961 1337 1028 Et
1367 984 1430 1048 pro
1461 960 1527 1028 hac
1557 959 1635 1028 luce
1656 963 1828 1029 doctrinae
1849 961 1939 1044 Dco,
1961 964 2090 1051 gratias
2111 984 2192 1053 aga·

172 1071 259 1138 quae
287 1049 417 1137 tingunt
443 1050 563 1115 remitti
585 1047 717 1132 cuipam
745 1059 883 1134 propter
904 1046 1155 1114 satisfactiones
1205 1068 1291 1127 mus,
1312 1060 1346 1113 et
1367 1052 1603 1137 gratitudinem
1625 1047 1835 1117 declaremus
1857 1053 1892 1115 in
1918 1048 2137 1119 confessione
2157 1063 2192 1121 et

170 1138 365 1214 humanos,
396 1134 482 1200 sicut
508 1156 599 1201 nunc
631 1155 696 1221 quo
723 1154 765 1200 ue
786 1136 908 1200 docent
928 1133 1069 1212 Turcae,
1102 1154 1154 1199 re·
1206 1136 1317 1202 studio
1336 1138 1591 1204 conservandae
1611 1134 1711 1202 buius
1732 1138 1897 1223 puritatis.

170 1222 255 1290 mitti
288 1222 469 1310 periurium
500 1222 605 1304 diviti,
634 1223 666 1287 si
698 1158 816 1289 decem
835 1222 1040 1308 pauperibus
1061 1239 1154 1308 prae·
