4628 5588
801 102 1361 252 cannamomum
1387 155 1549 225 mount.
1722 217 1729 231 .
2116 158 2184 229 aaa

408 358 420 373 ⁴
504 343 566 411 DE
589 343 810 412 SECUNDO.
1198 342 1288 411 facta
1321 358 1418 425 sunt,
1452 345 1544 433 Ergo
1565 366 1634 411 nou
1657 343 1719 413 fuit
1746 348 1884 413 materia
1908 346 1994 414 coeli
2016 359 2050 414 et
2071 358 2182 415 terrac

1199 448 1351 513 aeterna,
1372 452 1441 498 non
1463 429 1553 499 lacta
1573 434 1661 498 sicut
1681 433 1786 498 Stoici
1821 446 1853 499 et
1875 433 1931 498 alii
1953 436 2087 541 guidam
2115 436 2182 501 duo

299 516 363 582 DE
384 516 536 584 CAUSA
552 516 698 586 FINALl
719 516 1000 587 CREATlONlS.
1198 531 1335 584 aeterne
1357 520 1523 585 linxerunt
1544 532 1688 585 mentem
1710 532 1744 584 et
1755 521 1937 587 materiam.
1961 523 2183 606 baepeetiam

1198 603 1374 691 Scriptura
1406 604 1551 671 affirmat
1572 606 1647 671 Deo
1680 607 1812 672 dicente
1841 627 1901 683 ,res
1936 621 2070 673 creatas
2092 626 2181 675 esse.

251 688 308 756 De
336 710 440 756 causa
473 688 565 756 finali
598 711 702 776 quare
736 692 879 757 mundus
912 692 1069 759 conditus
1090 694 1146 759 sit.
1196 691 1273 756 Non
1306 692 1405 777 igitur
1436 712 1478 757 ex
1510 689 1575 757 alia
1596 693 1708 778 priore
1730 695 1867 758 materia
1886 693 1999 760 factae
2021 705 2115 775 sunt,
2149 704 2184 760 et

164 776 251 852 Quia
272 776 369 841 Deus
392 798 468 842 curn
490 779 533 842 sit
554 780 715 860 optimus,
745 777 849 844 voluit
871 777 996 845 babere
1019 792 1148 846 creatu·
1197 779 1351 842 usitatum
1375 789 1427 843 est
1448 780 1480 843 in
1493 778 1649 845 Ecclesia
1673 783 1882 845 creationem·
1896 783 2060 847 nominari
2081 777 2183 849 febri·

163 884 223 929 ras
244 865 367 948 quibus
388 884 484 928 suam
509 866 687 929 bonitatem
706 866 940 945 communicet,
960 878 993 930 et
1016 868 1146 952 quidem
1199 863 1364 931 cationum
1384 885 1497 931 rerum
1520 886 1563 931 ex
1583 861 1697 930 nihilo.

156 947 381 1016 rationalibus
404 952 810 1016 creaturiscommuntcat
830 948 900 1029 illa,
924 966 1102 1037 quaesunt
1112 955 1148 1017 in

164 1039 239 1121 ipso
273 1036 408 1121 optima,
441 1034 572 1101 scilicet
588 1036 801 1121 sapientiam,
822 1039 992 1118 iustitiam,
1014 1038 1148 1107 liberta·

164 1138 229 1191 tem
247 1119 433 1200 electionis,
459 1124 555 1187 vitam
579 1136 760 1201 aeternam,
794 1135 828 1189 ct
862 1122 1019 1189 laetitiam
1039 1136 1148 1191 aeter·

164 1230 253 1286 nam,
276 1220 308 1273 et
330 1206 534 1273 intellectum
554 1208 673 1274 horum
695 1211 833 1274 istorum
845 1212 1021 1292 bonorum,
1043 1222 1080 1276 ut
1102 1160 1176 1316 vil

165 1296 277 1363 cissim
306 1292 362 1360 ille
391 1291 589 1361 celebretur.
632 1294 780 1361 Assidue
802 1308 911 1362 autem
934 1298 1147 1363 considerau-

164 1384 209 1449 da
231 1392 283 1445 est
304 1382 499 1467 magnitudo
523 1380 710 1446 dilectionis
722 1381 786 1447 Dei
809 1402 891 1470 erga
912 1403 989 1462 nos,
1001 1381 1147 1449 Primum
1222 1366 1346 1471 Quod
1375 1369 1501 1453 libera
1531 1370 1742 1453 voluntate
1772 1399 1837 1454 res
1869 1371 1949 1453 sinit
1962 1370 2160 1454 conditae.

163 1470 196 1534 in
227 1469 397 1533 creatione
426 1464 604 1532 transfudit
626 1468 659 1531 in
683 1489 746 1531 nos
768 1470 881 1534 radios
905 1490 1019 1534 eorum
1043 1471 1147 1534 bono·

164 1576 249 1632 rum,
270 1576 357 1639 quae
380 1554 412 1617 in
437 1554 509 1638 ipso
531 1567 610 1619 sunt
632 1573 780 1633 summa,
802 1566 835 1619 et
857 1552 961 1621 voluit
984 1556 1148 1622 hominem
1560 1604 1564 1611 -

164 1660 244 1706 esse
266 1639 466 1705 domicilium
488 1653 521 1705 et
543 1637 701 1723 templum
722 1639 797 1705 ltet.
842 1641 903 1705 llis
925 1644 1027 1707 tantis
1049 1643 1148 1708 bonis
1286 1636 1385 1712 Quod
1406 1637 1500 1703 Deus
1533 1636 1638 1703 libere
1671 1651 1705 1706 et
1736 1637 1856 1705 volens
1878 1653 1957 1705 tunc
1980 1661 2054 1705 cum
2077 1637 2184 1705 voluit
2275 1670 2277 1675 ·

164 1727 310 1805 amissis,
333 1730 450 1792 rursus
473 1728 667 1811 magnitudo
690 1729 813 1791 amoris
831 1727 867 1792 lit
877 1726 1051 1807 illustrior,
1074 1749 1149 1794 curn
1200 1726 1398 1805 condiderit¹
1417 1726 1585 1802 mundum,
1607 1737 1641 1789 et
1662 1727 1751 1811 quod
1774 1728 1819 1790 sit
1839 1748 1945 1813 agens
1970 1725 2182 1804 liberrimum,

165 1811 248 1878 Filio
272 1813 471 1896 deprecante
493 1813 670 1897 recipimur
703 1824 737 1878 et
768 1826 888 1880 natura
915 1813 1059 1881 bumana
1080 1835 1148 1880 non
1198 1808 1372 1877 manifeste
1394 1823 1535 1876 testatur
1558 1813 1679 1877 dictum
1702 1810 1825 1877 Psalmi
1848 1815 1919 1877 ltt.
1953 1813 2183 1898 (lmniaquee-

165 1896 274 1964 solum
296 1898 333 1963 lit
356 1897 556 1963 domicilium
573 1897 648 1978 Dei,
670 1900 730 1964 sed
754 1901 852 1965 etiarn
875 1900 912 1964 tit
932 1902 1010 1967 unio
1031 1919 1148 1987 perso·
1200 1917 1329 1984 cunque
1363 1894 1467 1963 voluit
1499 1897 1595 1977 fecit,
1618 1911 1651 1962 ct
1672 1896 1797 1962 Psalm.
1823 1898 1894 1964 135.
1940 1899 2061 1964 Omnia
2082 1918 2183 1984 quac·

166 1981 252 2050 nelis
283 1980 357 2049 lilii
390 1997 423 2050 et
457 1996 597 2050 naturae
630 1997 810 2051 assumtae.
871 1986 975 2051 lluius
1008 1988 1149 2053 mirandi
1199 2003 1331 2070 cunque
1352 1983 1457 2050 voluit
1477 1983 1573 2050 Deus
1594 1980 1673 2049 lecit
1694 1986 1728 2049 in
1751 1983 1848 2050 coelo
1876 1997 1910 2050 et
1931 1987 1965 2050 in
1983 1998 2085 2051 terra.

167 2070 279 2155 operis
314 2091 437 2137 causae
470 2080 504 2136 ct
530 2073 649 2143 modus
672 2073 704 2137 in
728 2082 799 2137 tota
819 2074 1016 2139 aeternitate
1038 2075 1148 2142 consi·

168 2157 352 2233 derabitur,
386 2156 446 2221 sed
478 2155 567 2222 hanc
595 2178 673 2223 esse
694 2155 908 2244 principalem
931 2180 1068 2226 causam
1090 2162 1148 2225 im·

165 2240 341 2329 pulsivam,
366 2241 567 2329 quodFilius
583 2245 708 2311 missus
726 2258 790 2326 est,
812 2243 979 2328 videlicet,
1002 2244 1148 2312 dilectio·

165 2348 241 2393 nem
263 2326 534 2408 Daimonos,
568 2328 713 2396 affirmat
741 2332 813 2416 ipse
835 2329 955 2411 Filius,
988 2333 1146 2418 cum,ait:
1370 2354 1373 2359 ⁹
1561 2309 1623 2375 DE
1641 2309 1845 2415 QUMQ,

164 2412 223 2480 Sic
245 2410 360 2479 dilexit
415 2435 477 2481 eus
499 2417 667 2495 mundum,
684 2428 721 2482 ut
743 2418 870 2483 dederit
893 2416 1011 2484 Filium
1033 2420 1147 2506 unige-

164 2502 278 2567 nitum.
323 2498 450 2568 Paulus
467 2503 587 2588 inquit:
611 2501 737 2568 Dilextt
759 2524 823 2569 nos
845 2505 879 2568 tn
901 2503 1033 2572 dilecto.
1063 2504 1148 2571 Bur
1290 2486 1414 2591 Quod
1444 2502 1657 2573 conservet
1687 2489 1800 2573 Deus
1831 2519 1895 2573 res
1925 2503 2091 2575 creatas.

163 2606 223 2651 sus
257 2587 358 2691 igitur
389 2600 524 2673 propter
557 2587 647 2654 hunc
669 2587 787 2655 Filium
813 2588 869 2655 elii
890 2589 1044 2659 homines
1065 2590 1149 2657 fiunt

164 2669 332 2739 domicilia
355 2685 389 2740 et
421 2672 546 2760 templa
567 2672 648 2749 Dei,
680 2678 877 2763 agnoscitur
898 2676 993 2744 Deus
1026 2680 1062 2743 in
1082 2677 1149 2743 bac

163 2760 232 2825 vita
252 2781 315 2844 per
335 2759 497 2839 Verbum,
522 2772 555 2827 et
565 2760 706 2846 Spiritus
728 2775 867 2828 sanctus
885 2764 1071 2831 immediate
1092 2785 1149 2829 ac·
1286 2756 1465 2821 infirmitas
1498 2758 1654 2823 humana.
1674 2757 1803 2822 etiamsi
1827 2760 1953 2844 cogitat
1973 2758 2081 2825 Deum
2104 2778 2184 2824 csse

166 2846 276 2911 cendit
296 2858 406 2911 motus
429 2848 462 2911 in
486 2848 589 2913 corde
611 2845 698 2912 tales
714 2846 831 2934 ¹qualis
854 2849 1000 2933 ipsecst,
1018 2863 1149 2935 acpost
1199 2843 1417 2921 conditorem,
1439 2854 1549 2908 tamen
1571 2855 1691 2929 postea
1712 2841 1841 2931 allingit
1868 2843 1956 2910 hanc
1978 2847 2183 2931 imaginatio·

164 2930 253 2997 hano
282 2932 384 2997 vitam
406 2931 561 2998 cbristus
591 2935 700 2999 tradet
722 2955 861 3021 regnum
885 2934 992 3016 Patri,
1024 2937 1059 3002 id
1082 2949 1147 3018 est,
1200 2949 1286 3008 nem,
1308 2940 1344 2994 ut
1366 2925 1461 2994 faber
1484 2930 1627 2996 discedit
1649 2952 1670 2995 a
1691 2932 1769 2995 nevi
1792 2943 1955 3010 extructa,
1977 2943 2011 2997 et
2028 2929 2183 3017 relinquit

167 3018 312 3095 artducet
334 3017 521 3084 Ecclesiam
543 3020 588 3084 ad
609 3018 761 3100 Patrem,
785 3033 818 3086 at
840 3032 910 3088 tota
931 3024 1087 3089 dimotas
1109 3044 1148 3090 se
1200 3036 1272 3080 eam
1294 3017 1405 3081 nautis
1439 3018 1704 3101 gubernandam,
1737 3019 1784 3082 ita
1826 3016 1936 3083 Deum
1966 3019 2141 3083 discedere
2162 3039 2185 3084 a

1552 1190 1614 1256 DE
1636 1189 1831 1264 QUARTO.
1908 1206 1910 1211 ·

47 3162 51 3170 .
165 3104 352 3170 immediato
375 3106 534 3170 ostendat
561 3115 594 3171 et
616 3107 857 3193 conspicietur,
886 3121 920 3173 et
942 3111 1004 3176 em
1027 3110 1149 3177 efficax
1199 3122 1279 3166 suo·
1297 3124 1419 3188 opere,
1453 3115 1487 3169 et
1509 3100 1650 3189 relinqui
1674 3116 1861 3171 creaturam
1878 3116 2006 3171 tautum
2028 3106 2184 3190 propriae

165 3190 198 3254 in
222 3190 343 3269 beatis,
365 3212 433 3256 non
455 3203 534 3278 aget
555 3213 617 3277 per
642 3195 858 3260 ministerium
881 3192 1073 3284 Evangelii,
1106 3199 1150 3264 de
1200 3190 1442 3275 gubernationi·

165 3275 231 3355 hoc
253 3274 320 3342 fine
341 3274 614 3364 loquturFtttus,
636 3300 710 3345 cum
732 3284 791 3345 an:
815 3281 908 3346 llaec
930 3295 982 3347 est
1005 3286 1072 3350 vita
1093 3306 1149 3350 aa·
1286 3274 1379 3343 Haec
1400 3276 1593 3363 imaginatio
1617 3276 1723 3343 Deum
1742 3289 1892 3344 removet
1912 3298 1933 3341 a
1952 3279 2127 3355 creaturis,
2150 3287 2185 3344 et

166 3372 272 3442 terna,
295 3375 332 3428 ut
352 3378 541 3453 agnoscant
561 3377 595 3430 te
617 3386 695 3431 esse
716 3364 826 3447 solum
848 3367 974 3447 Deum,
997 3380 1028 3435 et
1050 3391 1149 3457 quem
1199 3358 1295 3447 fingit
1315 3378 1391 3427 eum
1413 3364 1557 3429 otiosum
1578 3382 1667 3447 esse,
1691 3376 1809 3430 contra
1837 3364 1928 3430 huuc
1950 3376 2069 3447 tetrum
2092 3383 2184 3428 erro·
2230 3396 2233 3400 ⁴

166 3449 284 3514 misisti
306 3449 415 3517 lesum
438 3470 516 3516 esse
538 3449 718 3519 Christum.
763 3452 857 3534 ltem,
875 3455 918 3519 sit
941 3452 1074 3523 dilectio
1093 3469 1150 3524 tua
1200 3467 1269 3512 ‘0¹¹¹
1291 3450 1492 3513 erudiendi&
1514 3460 1592 3514 ⁸¹¹¹st
1614 3462 1753 3531 menies,
1772 3462 1805 3515 θῑ
1827 3451 2013 3516 firmissime
2035 3460 2183 3514 Sillim·

165 3534 199 3600 ln
232 3534 282 3600 eis
303 3557 369 3622 qua
392 3558 445 3602 me
467 3535 588 3625 diligis.
634 3534 791 3604 Affirmat
818 3541 918 3626 igitur
939 3541 1013 3607 idco
1038 3546 1149 3610 condi·
1200 3533 1278 3598 dum
1300 3545 1364 3613 0⁵¹0
1398 3536 1461 3599 etsi
1481 3533 1577 3600 ”⁸¹1⁸
1596 3548 1649 3609 cst
1667 3535 1732 3602 clia
1754 3556 1809 3601 res
1833 3539 1988 3603 distincta
2009 3557 2031 3600 c
2053 3546 2184 3601 creatu·

166 3633 234 3686 tum
258 3642 336 3687 esse
357 3643 463 3710 genus
485 3620 675 3705 humanum,
697 3639 734 3691 ut
752 3625 845 3691 Deus
869 3625 957 3692 illam
980 3628 1149 3718 ingentem
1199 3622 1258 3696 rifi,
1291 3631 1401 3685 tamen
1434 3621 1556 3685 adesse
1588 3642 1663 3687 eum
1701 3624 1879 3689 universae
1918 3636 2110 3702 creaturae,
2149 3632 2184 3687 ⁰2

165 3708 348 3773 bonitatem
369 3730 464 3775 suam
486 3712 584 3777 nobis
606 3714 842 3793 communtoet,
864 3735 950 3799 quae
972 3728 1025 3780 est
1046 3718 1148 3782 maxi.
1200 3705 1345 3770 omnium
1379 3722 1604 3773 creaturarum
1637 3710 1846 3775 substantias
1875 3731 1961 3796 quae
1995 3719 2183 3788 servantur,

166 3813 219 3858 me
241 3790 381 3859 illustris
399 3798 432 3861 in
456 3794 667 3881 copulatione
695 3798 826 3864 divinae
849 3810 883 3864 et
904 3802 1069 3866 humanae
1090 3816 1149 3869 na'·
1200 3802 1235 3856 θῑ
1267 3805 1431 3876 quatenus
1463 3804 1661 3873 servamur,
1694 3798 1876 3861 sustentari
1898 3818 1920 3861 ἃ
1941 3795 2028 3875 ὓθθι
2051 3796 2112 3860 ⁸01¹
2136 3797 2184 3860 iifl

166 3891 261 3944 turae
277 3884 311 3946 in
333 3880 429 3948 Filio.
473 3883 552 3949 ldeo
577 3881 703 3950 Paulus
726 3888 758 3949 in
784 3888 842 3964 uit,
864 3888 897 3950 in
919 3887 1009 3953 hunc
1030 3885 1148 3955 Filium
1199 3886 1321 3957 tamen,
1341 3891 1378 3944 ut
1401 3877 1495 3943 Deus
1518 3881 1563 3943 Sit
1580 3900 1688 3966 ⁸80⁰ss
1710 3878 1865 3962 liberum,
1888 3893 2053 3949 ὓῑῑδῑθῑὶῑθῐ
2075 3883 2183 3947 d⁰¹¹⁰⁰
2243 3947 2253 3966 .
2296 3894 2300 3905 ’

168 3966 278 4031 omnia
301 3970 437 4035 condita
458 3990 549 4049 esse,
572 3972 605 4035 id
628 3982 692 4051 est,
713 3972 758 4037 ad
801 3993 866 4038 uno
887 3972 997 4055 finem,
1020 3986 1147 4042 arcon.
1199 3958 1283 4043 vult,
1304 3975 1384 4050 agat
1406 3962 1505 4030 simul
1526 3978 1688 4052 quaetenus
1711 3970 1784 4053 ipse
1814 3970 1982 4048 decrevit,
2015 3981 2049 4032 et
2071 3968 2184 4033 mode·

165 4052 325 4134 'illiciatur
347 4053 413 4119 hoc
434 4057 618 4123 mitandum
641 4076 726 4143 opus
742 4057 818 4138 Dei,
840 4060 875 4124 in
897 4081 964 4145 quo
985 4063 1036 4127 sie
1058 4082 1147 4128 com.
1198 4061 1291 4116 retur
1323 4070 1367 4115 ac
1399 4062 1503 4116 mutet
1531 4049 1645 4138 aliqua
1672 4068 1808 4140 propter
1837 4053 1976 4121 salutem
2005 4053 2183 4121 Ecclesiae

165 4139 347 4205 manicavit
368 4141 531 4208 humanae
558 4136 699 4210 naturae
721 4143 815 4211 Deus
838 4166 934 4212 suam
956 4149 1147 4229 bonitatem,
1198 4157 1281 4201 ⁵⁰³0
1302 4137 1463 4202 immensa
1486 4139 1642 4219 ῧθῐῑῑῑᾶῑθι
1664 4139 1752 4207 hanc
1778 4144 2001 4227 praesentiam
2016 4140 2080 4204 Del
2103 4160 2183 4205 ΡΜ·

165 4234 200 4289 ut
221 4225 318 4289 etiam
342 4228 464 4293 uitione
484 4228 669 4324 dummp
685 4228 794 4297 'Filius
815 4236 1012 4299 assumserit
1032 4234 1147 4300 huma.
1198 4221 1330 4288 firmant
1352 4221 1436 4289 haec
1459 4225 1564 4290 dicta:
1582 4224 1743 4291 Actorum
1769 4230 1819 4292 17.
1875 4229 1910 4292 ln
1933 4230 2007 4313 ipso
2029 4228 2182 4307 visimus,

165 4330 243 4375 narn
264 4324 426 4379 naturam.
1170 4279 1175 4431 l
1198 4329 1370 4374 movemur
1391 4321 1426 4376 et
1447 4330 1574 4391 snmus,
1596 4312 1629 4376 id
1653 4325 1715 4392 est,
1738 4336 1798 4398 per
1820 4316 1927 4399 ipsum
1950 4326 2104 4378 creatura
2125 4332 2206 4387 sun

1199 4406 1363 4461 stentatur
1385 4408 1417 4462 et
1438 4394 1572 4464 fovetur
1594 4399 1663 4464 vite
1685 4412 1811 4465 nostra.

1285 4566 1506 4636 Retinendum
1528 4582 1580 4636 est
1601 4581 1711 4637 autern
1732 4572 1910 4638 discrimen
1944 4571 2030 4637 inter
2051 4575 2181 4639 creato·

527 4637 590 4706 DE
611 4638 784 4708 TERTlO.
1198 4671 1270 4719 rem
1292 4664 1325 4718 et
1346 4670 1544 4735 creaturam,
1569 4659 1654 4722 inter
1675 4660 1854 4724 essentiam
1879 4670 2048 4725 creantem
2070 4670 2105 4724 et
2125 4679 2180 4725 cs·

1199 4741 1327 4805 sentias
1359 4754 1506 4822 creatas,
1535 4744 1613 4808 dicit
1635 4745 1720 4809 enim
1746 4767 1811 4811 vox
1830 4746 1942 4811 divina
1964 4743 2125 4810 Dentero.
2146 4745 2178 4810 d‘.

262 4813 386 4918 Quod
415 4848 479 4902 res
510 4819 590 4902 sint
620 4822 808 4905 conditae
839 4852 894 4907 ex
923 4824 1058 4909 nihilo,
1201 4823 1244 4927 Ut
1277 4828 1366 4893 scias
1394 4830 1484 4915 quod
1507 4832 1595 4938 ῃιῃι
1614 4831 1778 4896 Dominus
1802 4835 1846 4898 sit
1856 4831 1963 4911 Deus,
1986 4843 2021 4898 et
2038 4852 2105 4897 non
2127 4841 2180 4897 est

1197 4942 1284 5010 alius
1305 4962 1437 5032 praeter
1459 4970 1544 5029 eum,
1569 4931 1602 5016 et
1623 4952 1854 5017 discernuntur
1881 4966 1991 5019 motus
2020 4949 2179 5017 Diabolo-

254 5016 352 5089 Quod
375 5018 469 5084 Dens
503 5020 686 5087 condiderit
708 5041 765 5087 res
787 5019 871 5087 alias
893 5043 1011 5102 ornnes
1033 5048 1076 5093 ex
1096 5031 1147 5094 ni·
1196 5052 1269 5096 rum
1291 5054 1313 5098 a
1334 5038 1479 5102 motibus
1502 5038 1621 5103 divinis
1644 5039 1676 5102 in
1700 5037 1765 5103 hoc
1787 5040 1894 5105 dlctot
1928 5039 2013 5105 Cum
2045 5038 2179 5104 mende-

75 5152 79 5161 .
167 5097 236 5168 bilo
259 5105 432 5170 conlirmat
454 5107 578 5185 dictum
589 5107 744 5174 lobannis
764 5110 794 5175 1.
817 5109 935 5175 Omnia
954 5133 1017 5198 per
1037 5116 1147 5200 ipsum
1172 5139 1177 5177 ι
1198 5120 1285 5183 cium
1306 5116 1463 5207 loquitur,
1487 5143 1529 5187 ex
1549 5127 1687 5215 proprio
1709 5123 1865 5212 loquitur.
1921 5125 2006 5191 lleb.
2030 5127 2059 5190 1.
2113 5110 2190 5189 Go-¹

238 5256 244 5269 ·
323 5241 468 5284 namara.
482 5244 567 5291 orne.
581 5244 645 5287 von
659 5247 745 5293 xant.
910 5304 914 5311 ¹
1404 5308 1406 5312 .
1648 5238 1705 5309 ’,
1785 5269 1790 5277 ·
1857 5275 1860 5279 -
1972 5247 2006 5299 ιιι
