4628 5588
165 134 233 203 oss
523 134 526 139 ·
776 135 889 204 rou.
911 136 1013 204 stru
1035 100 1523 217 scurrusooosmncs.
1584 86 1615 203 ’.

153 300 159 315 ’
252 322 400 390 Euentus
432 344 513 390 vero
547 323 733 391 coelibatus
767 345 833 415 noo
865 346 905 392 eo
938 337 1066 394 tantum
1095 308 1150 393 e'st
1344 358 1348 363 ·
1403 320 1407 329 ’
1470 320 1663 420 'seeundg
1693 330 1893 422 obiectio,

144 411 401 489 ,immunditiem
433 409 511 497 quia
532 411 726 497 paucissimi
753 413 828 477 sine
849 414 1050 499 turpitudine
1070 423 1150 481 sunt
1386 437 1391 447 ·

166 496 328 576 coelibes,
352 496 415 562 aed
436 497 534 562 etiam
558 500 602 565 ob
623 498 712 563 bano
735 518 885 578 eausam,
919 501 997 587 quia
1018 512 1071 566 est
1092 520 1149 567 su·
1664 466 1737 569 ‘i
1875 556 1881 576 ,
1910 562 1927 575 ..
2071 538 2079 551 ·

164 585 378 670 perstitimus
400 579 521 649 cultam.
1285 582 1322 647 ln
1344 581 1438 670 Lege
1459 584 1670 650 abstinebant
1692 584 1897 653 Sacerdotes
1919 606 1941 654 a
1968 593 2183 659 consuetudi·

1199 687 1244 732 ne
1277 669 1468 757 coniugum,
1497 683 1590 735 certo
1623 683 1793 757 tempore,
1827 673 1905 741 dom
1938 675 2075 743 obibant
2095 697 2181 745 suas

251 753 322 821 Cur
342 754 442 842 igitur
473 753 589 821 laudat
621 752 746 822 Peulus
768 758 810 822 ad
833 754 1027 822 Corinthios
1050 758 1149 844 virgi-
1200 748 1402 819 functiones.
1466 755 1564 821 Nunc
1592 757 1794 843 Sacerdotes
1816 778 1949 844 semper
1971 764 2183 845 esse-,parati

165 841 323 909 uitatem?
388 841 520 906 Laudat
547 843 581 906 in
614 839 684 920 bis,
716 844 772 928 qui
794 843 1016 923 suntidonei,
1038 847 1148 931 etqui
1199 843 1243 905 ad
1264 841 1445 906 mirristeria
1466 863 1528 907 sua
1551 844 1690 909 debente
1724 843 1816 932 Ergo
1848 866 1920 910 sem
1964 849 2183 917 rabstiuere

164 940 305 1015 propter
339 925 429 992 bunc
462 926 562 992 linem
591 928 624 992 id
646 930 736 995 vitae
759 949 867 1016 genus
890 926 1147 1015 amplectuntur,
1200 926 1332 991 debent.
1389 926 1448 992 Sic
1470 940 1533 1007 est,
1554 928 1630 995 Non
1652 930 1773 1013 desunt
1795 928 1916 997 cavilla
1986 953 2029 999 es·
2044 933 2099 1013 ils,
2118 935 2184 1021 qul

164 1029 203 1081 ut
225 1014 449 1101 expeditiores
471 1013 538 1077 sint
559 1015 601 1080 ad
624 1015 829 1097 docendum,
856 1016 905 1080 ad
938 1016 1149 1082 serviendum
1199 1013 1370 1077 veritatem
1392 1032 1459 1077 non
1482 1026 1602 1081 amant.
1649 1013 1757 1080 Utitur
1778 1013 1886 1083 hoca
1930 1029 2063 1093 ornanto
2087 1019 2184 1108 Papo

164 1098 348 1167 Ecclesiis:
367 1099 441 1164 Non
464 1101 514 1165 sie
525 1099 653 1179 laudat,
676 1102 767 1186 quod
787 1103 821 1166 id
844 1120 930 1185 opus
954 1103 1061 1189 magis
1073 1122 1149 1189 gra·
1198 1098 1232 1162 ln
1256 1099 1367 1163 distin.
1389 1099 1444 1164 82.
1510 1101 1581 1165 Sed
1602 1102 1631 1165 si
1654 1099 1771 1167 volunt
1792 1122 1909 1189 exemp
1926 1127 1980 1171 um
2001 1103 2105 1191 Legis
2125 1126 2184 1173 se·

163 1189 243 1253 tium
264 1186 385 1252 mereri
406 1186 539 1252 iudicet.
562 1184 660 1251 Hune
681 1207 828 1254 errorem
850 1200 1052 1276 pugnantem
1073 1210 1148 1254 cum
1200 1184 1268 1270 qul,
1288 1205 1348 1249 cur
1369 1185 1403 1249 ln
1425 1195 1531 1251 totum
1552 1185 1727 1271 probibent
1738 1189 1953 1277 coniugium?
1974 1189 2182 1278 Leuesiguo

162 1274 288 1340 iustitia
309 1271 386 1337 tidei
408 1272 548 1337 maxime
569 1284 754 1341 execratur.
798 1274 874 1339 Non
903 1294 1065 1361 negamus
1088 1273 1149 1339 dil·
1198 1266 1356 1356 tempore
1370 1274 1642 1338 connsuetudinem
1665 1276 1842 1361 coniugum
1871 1277 2048 1343 interdixit.
2092 1276 2183 1353 Quia

163 1358 253 1426 lerre
275 1379 401 1446 genera
423 1358 527 1423 vitae:
560 1357 742 1426 Anteeellit
773 1362 982 1447 gubernator
1004 1361 1148 1426 civitatis
1198 1366 1252 1422 est
1272 1368 1401 1435 autem,
1427 1362 1532 1444 'quem
1553 1378 1620 1423 riou
1644 1359 1717 1444 ipsa
1739 1364 1873 1447 negotia
1894 1363 2057 1431 interdum
2079 1365 2184 1433 domo

164 1457 297 1523 mutae,
317 1445 377 1509 sed
400 1463 468 1509 non
491 1446 598 1531 nragis
620 1458 768 1513 meretur
815 1448 931 1512 retiam
950 1447 1147 1530 gubernatio
1202 1443 1396 1508 abducant?
1460 1442 1531 1510 Nee
1554 1457 1730 1531 propterea
1751 1449 1783 1511 in
1807 1459 1910 1513 totum
1937 1448 2186 1535 prohibendum

145 1533 323 1612 civitatis,
354 1551 456 1616 quam
486 1550 547 1597 ars
579 1533 722 1597 nautica.
788 1466 830 1598 {t
858 1532 931 1598 fieri
977 1542 1077 1611 otest,
1111 1544 1148 1599 ut
1199 1541 1251 1593 est
1279 1529 1479 1615 coniugium.
1544 1530 1588 1596 Bt
1620 1529 1846 1618 Sophisticum
1879 1545 1933 1600 est
1965 1536 2056 1621 quod
2087 1538 2186 1604 addit

164 1630 266 1684 nauta
289 1617 402 1683 verius
421 1613 511 1682 colat
532 1616 651 1693 Deum,
674 1638 773 1724 poam
800 1553 1006 1705 gubernalor
1034 1619 1147 1684 civita·
1200 1613 1307 1700 Papn,
1329 1613 1413 1680 Cum
1436 1618 1632 1683 sacerdotes
1654 1638 1787 1704 semper
1808 1620 1952 1686 debeant
1973 1641 2052 1686 esse
2155 1623 2183 1689 tl

163 1706 217 1769 tis.
261 1703 338 1769 Non
359 1704 462 1790 igitur
483 1702 636 1771 differunt
658 1703 692 1770 br
715 1706 854 1793 gradus,
873 1706 963 1790 quod
984 1705 1028 1770 ad
1045 1705 1147 1770 vitam
1198 1701 1241 1766 ad
1264 1701 1456 1781 ministeria,
1474 1722 1544 1768 sem
1570 1724 1606 1768 er
1626 1705 1825 1771 abstineant.
1889 1704 2052 1774 coneedit
2073 1719 2178 1775 unter-

85 1874 89 1880 .
164 1786 381 1876 spiritualem,
403 1809 465 1854 seu
487 1791 579 1876 quod
600 1791 644 1855 ad
666 1793 806 1878 gratiam
829 1792 955 1867 attinet,
978 1791 1041 1856 etsi
1061 1790 1148 1856 inter
1198 1783 1288 1852 valla
1311 1786 1460 1853 officium
1482 1726 1659 1872 publicum,
1682 1802 1716 1855 ct
1739 1793 1783 1876 pii
1806 1793 1928 1870 sciunt,
1960 1794 2019 1859 ubl
2036 1814 2184 1865 cousus
2227 1876 2231 1881 Ι

166 1896 246 1943 sese
279 1873 393 1942 collati
426 1876 461 1939 in
494 1877 562 1941 vita
596 1888 733 1942 externa
755 1875 812 1943 elii
833 1876 910 1942 aliis
932 1873 1148 1958 antecellunt,
1199 1874 1280 1938 tudo
1314 1871 1500 1961 coniugalis
1534 1876 1738 1942 moderanda
1758 1879 1814 1957 sit,
1847 1872 1989 1958 Deinde,
2010 1899 2078 1946 noo
2099 1891 2185 1947 sunt

166 1960 238 2031 vnit
259 1964 347 2028 enim
369 1956 464 2028 Deus
487 1981 566 2028 esse
587 1963 737 2029 ordinem
758 1960 975 2030 functionum.
1198 1961 1390 2025 operandae
1423 1962 1648 2028 eonscientiae
1679 1964 1798 2030 ritibus
1826 1962 1999 2031 biusaicis.
2065 1964 2185 2043 Quare

1197 2064 1265 2109 non
1288 2058 1338 2110 est
1360 2048 1594 2127 immundities,
1616 2046 1682 2114 boc
1704 2063 1774 2129 est,
1808 2069 1864 2115 res
1887 2048 2069 2137 displicens
2091 2052 2183 2133 Deo,

1169 2116 1376 2218 'coniugale
1415 2130 1579 2214 officium,
1618 2139 1704 2200 sicut
1737 2134 1862 2203 Paulus
1896 2136 2185 2222 inquitt.,0mnia

253 2133 424 2200 Hactenus
458 2133 501 2199 de
533 2146 614 2200 voto
636 2134 716 2214 diui,
745 2136 959 2221 quantumin
980 2134 1048 2200 boc
1069 2132 1147 2201 loco

165 2239 251 2307 opus
273 2230 337 2299 cst,
361 2220 449 2305 quod
471 2216 571 2285 valde
592 2232 799 2306 exaggerant
810 2222 954 2308 quidam,
977 2239 1043 2286 non
1057 2221 1148 2308 quod
1198 2219 1321 2283 munda
1343 2219 1484 2284 mundis.
1546 2218 1702 2287 Oenones
1720 2224 1864 2308 quadam
1884 2228 2046 2317 annotetur
2074 2236 2110 2291 et
2130 2225 2184 2290 iu·

143 2308 215 2374 ·sie
237 2307 394 2383 sentiant,
416 2306 477 2371 sed
498 2315 535 2370 ut
545 2304 772 2393 qualicunque
787 2318 964 2391 praetextu
986 2308 1149 2372 retineant
1199 2305 1329 2369 erudita
1361 2305 1542 2370 imitatione
1573 2305 1796 2372 blosaicarum
1829 2310 2092 2377 ceremoniarum
2120 2330 2185 2377 eu·

81 2457 85 2463 ,
164 2412 290 2460 morem
310 2393 394 2477 ipsis
414 2389 536 2456 utilem.
582 2390 714 2458 Revera
734 2390 810 2478 lege
832 2392 989 2471 humana,
1010 2412 1077 2458 non
1090 2413 1148 2459 vo·
1198 2387 1408 2456 mutaverunt
1441 2393 1697 2476 superstitiones
1738 2395 1770 2459 in
1804 2390 1990 2467 Ecclesia..
2031 2394 2188 2483 Eamqm

166 2492 201 2545 to
224 2476 422 2563 prohibetur
443 2475 644 2565 coniugium.
695 2477 739 2543 Et
767 2489 803 2543 ut
825 2479 1002 2544 accederet
1022 2491 1147 2559 votum,
1198 2478 1372 2556 metuitur
1383 2478 1581 2561 reprebendi
1594 2499 1736 2545 necesse
1754 2491 1819 2559 est,
1841 2482 1928 2546 sieut
1949 2492 1981 2546 et
1992 2477 2120 2549 Paulus
2135 2483 2185 2559 ad

166 2560 389 2630 certissimum
411 2573 464 2628 est
486 2577 566 2629 vota
586 2562 680 2629 irrita
701 2583 792 2646 csse,
814 2563 1008 2651 quiae-finnt
1030 2575 1150 2629 contra
1200 2558 1341 2627 Galatas
1364 2582 1436 2628 eain
1459 2564 1585 2628 duriter
1607 2576 1713 2630 taxat:
1738 2563 1916 2633 Discumus
1937 2565 2004 2632 fide
2024 2566 2060 2633 ln
2076 2564 2184 2635 .de-

164 2651 323 2717 mandata
344 2647 420 2729 Dei,
466 2669 529 2715 uae
551 2649 625 2715 sine
645 2661 785 2736 peccato
803 2671 871 2716 non
889 2659 1033 2737 possunt
1053 2668 1149 2738 prae·
1199 2660 1288 2712 stom
1320 2668 1385 2714 nos
1418 2650 1643 2730 sanctificare,
1676 2661 1710 2716 et
1742 2653 1775 2717 in
1798 2653 1895 2718 bonis
1918 2653 2077 2738 operibns
2100 2656 2185 2725 obe-

164 2737 258 2803 stari.
327 2732 396 2801 Cur
416 2670 465 2800 ⁰2
482 2734 571 2801 hono
592 2735 842 2802 excusetionem
861 2737 1092 2825 gravissimam
1115 2748 1149 2802 at
1199 2733 1355 2800 dientiam
1385 2736 1489 2801 verbo
1522 2735 1586 2801 Dei
1608 2737 1793 2803 ordinatam
1815 2749 1849 2803 et
1870 2741 2088 2887 approbatam
2111 2760 2184 2806 mn
2222 2752 2225 2757 '

164 2824 384 2901 verissimam,
416 2824 538 2887 surdas
570 2841 671 2891 eures
692 2822 819 2889 babent
831 2824 893 2889 isti
915 2825 1026 2909 asperi
1046 2835 1149 2910 etque
1199 2816 1432 2906 guisuciamuS,
1467 2824 1711 2890 meminerimus
1744 2822 1852 2888 Deum
1874 2845 1918 2891 ve
1932 2823 1965 2890 le
1988 2844 2052 2891 nos
2070 2828 2186 2892 serbo

164 2911 306 2976 burnites
328 2905 515 2974 coelibatus
538 2905 752 2988 defensores,
774 2931 850 2975 eum
870 2907 981 2995 pelam
1004 2910 1148 2990 videant,
1198 2925 1262 2971 sno
1285 2908 1476 2994 gubernari,
1500 2929 1567 2973 non
1590 2905 1715 2995 eligere
1736 2911 1888 2995 quamvis
1904 2911 2183 2997 speciosaopere
2297 2937 2303 2949 ·

165 3008 326 3081 quantum
347 2992 514 3060 scelerum
536 2997 609 3061 oria
623 3017 664 3061 ur
684 3015 727 3060 ex
749 2993 814 3061 bac
837 2997 982 3082 coniugii
1002 2994 1147 3082 probibi-
1197 3002 1315 3058 nostro
1333 2993 1453 3059 iudicio
1475 2995 1548 3059 sinc
1570 2999 1675 3060 verbo
1698 2994 1774 3062 Dei.
1839 2995 1919 3065 Nee
1945 2994 2069 3065 dicam·
2093 2992 2185 3073 troli-

31 3147 36 3159 ,
163 3083 280 3148 tione?
308 3081 345 3145 Si
363 3081 567 3145 arbitrantur
588 3007 697 3146 thum
719 3080 840 3146 offendi
863 3079 1066 3160 libidinibus,
1088 3101 1149 3147 cur
1197 3078 1273 3143 xius
1296 3080 1338 3144 de
1360 3078 1426 3146 hac
1450 3081 1646 3148 obiectione.
1711 3081 1867 3148 Breviter
1893 3082 1979 3148 enim
2009 3084 2051 3148 ed
2073 3018 2185 3151 linto-

164 3186 233 3232 non
250 3169 365 3232 iubent
385 3165 575 3251 Episcopus
597 3164 735 3233 abolere
756 3169 892 3235 votum?
913 3188 974 3232 cur
991 3164 1146 3254 laqueum
1197 3184 1268 3229 rem
1289 3166 1558 3251 respondendum
1581 3180 1645 3247 ast,
1667 3167 1703 3232 ln
1726 3168 1819 3254 Lege
1836 3169 2076 3249 Sacerdotibus
2100 3189 2183 3239 eon·

164 3253 312 3320 seientes
334 3252 484 3317 iniiciunt
504 3251 571 3332 bis,
593 3254 649 3338 qui
670 3254 714 3319 ad
724 3249 983 3320 Ecclesiasticas
1006 3250 1147 3320 functio·
1197 3250 1321 3336 iuginm
1355 3253 1512 3317 coneedit
1551 3252 1643 3338 Ergo
1676 3276 1739 3319 nec
1772 3256 1898 3319 uostris
1937 3253 2184 3340 prohibendum

166 3359 229 3406 nes
247 3337 468 3405 adhibentur?
1197 3348 1277 3442 est...
1316 3336 1495 3404 intervalla
1516 3340 1775 3406 moderabuntur
1797 3341 2014 3447 h⁰min9ffiuji
2036 3363 2107 3427 pro·
2123 3361 2183 3407 ne·

251 3510 323 3575 Nec
367 3521 421 3576 eto
443 3508 566 3578 io'sbac
576 3508 783 3576 causaaliud
816 3510 881 3576 nisi
903 3522 940 3577 nt
956 3510 1057 3576 iudex
1077 3511 1147 3575 ani·
1195 3436 1309 3596 ῗιῗῖἰιιιῖἰΙ
1341 3423 2077 3580 οξιιθεοοίἔιιῐιῗίιὲωΐιιέοθῃ0ιέἓέῃέᾱίιὲιὲΐὲἔὲιὶ
2098 3437 2182 3581 :gill

111 3652 128 3687 ,o
163 3618 251 3662 mum
263 3532 392 3663 ιιάίοξιι
402 3616 555 3682 aequum,
577 3597 762 3683 cupientem
773 3558 952 3664 c’onsulere
973 3597 1147 3664 conscien·
1196 3596 1330 3683 logium.
1566 3556 1577 3590 ⁹
1701 3533 1723 3599 p

165 3682 219 3747 tiis
241 3683 382 3768 piorum,
404 3694 569 3749 amantem
588 3684 749 3764 veritatis,
771 3684 1008 3749 abhorrentem
1023 3703 1146 3748 amon·
1174 3732 1180 3739 .
2066 3756 2072 3765 ,

164 3768 287 3833 suosis
313 3767 524 3849 libidinibus,
552 3790 640 3856 qnae
659 3772 747 3919 parit
768 3767 975 3850 coelibatus,
998 3770 1147 3858 cogitau-
1283 3767 1412 3833 Eodem
1444 3769 1543 3834 modo
1575 3768 1751 3835 diluendae
1784 3780 1862 3835 sunt
1886 3780 1920 3835 et
1948 3767 2072 3835 multae
2091 3764 2182 3839 ellae

166 3865 233 3921 tem
260 3873 340 3921 vere
361 3854 471 3920 Deum
492 3856 592 3921 irasci
624 3879 668 3922 vu
683 3857 756 3965 gari
782 3857 978 3923 scortationi
999 3866 1033 3921 et
1054 3853 1147 3921 adul·
1198 3854 1417 3921 obiectiones.
1450 3907 1453 3912 .
1486 3854 1626 3930 Quidam
1648 3856 1753 3935 aiunt,
1773 3854 1989 3922 Sacramenta
2010 3877 2078 3922 uon
2100 3875 2183 3935 cop·
2300 3908 2304 3913 .

163 3940 270 4019 teriis,
292 3943 381 4006 sicut
402 3942 509 4027 inquit
529 3953 655 4008 textum
685 3946 899 4009 boortatorcs
922 3955 957 4009 et
976 3938 1147 4009 adulteros
1196 3941 1370 4007 trectande
1403 3960 1481 4008 esse
1514 3937 1556 4007 ab
1588 3942 1774 4007 immundis.
1840 3941 1907 4008 lam
1926 3942 1955 4006 si
1976 3942 2183 4029 Sacerdotes

163 4027 324 4093 iudicabit
356 4025 464 4093 Deus.
528 4027 566 4094 st
598 4031 672 4113 quis
703 4041 815 4095 autem
847 4029 985 4116 propter
1006 4049 1091 4114 opes
1113 4040 1148 4095 et
1197 4038 1312 4094 essent
1330 4027 1448 4105 mariti,
1471 4046 1573 4113 saepe
1595 4039 1845 4095 contrectarent
1866 4039 2077 4111 sacramenta
2094 4038 2184 4116 ¹post

132 4111 380 4198 ‚splendorem
402 4112 616 4180 sacerdotum
639 4116 787 4181 decrevit
808 4117 942 4183 omnino
965 4112 1147 4181 defendere
1197 4111 1404 4200 coniugalem
1428 4114 1713 4180 consuetudinem.
1757 4112 1971 4200 Respondeo,
1992 4114 2114 4200 utiam
2130 4113 2182 4185 ‹ti-
2232 4160 2236 4167 ·

164 4197 379 4278 crtelibntum,
399 4199 478 4286 quid
500 4221 577 4266 eum
597 4197 655 4265 illo
676 4202 899 4286 disputemus,
932 4201 988 4290 qui
1010 4221 1146 4266 eausam
1196 4210 1286 4264 etum
1314 4212 1381 4265 est:
1404 4201 1568 4267 Seustatio
1601 4212 1654 4266 est
1676 4200 1916 4280 immundities,
1947 4211 1981 4266 et
2002 4220 2081 4267 vere
2110 4200 2180 4267 dis·

163 4304 232 4352 non
254 4286 407 4367 veritate,
428 4285 490 4350 sed
507 4284 648 4352 utilitate
668 4288 823 4354 metiturl
866 4288 910 4354 Et
936 4285 1067 4355 callidis
1096 4287 1145 4353 ln·
1196 4284 1299 4389 plicet
1332 4286 1418 4351 Deo.
1485 4285 1532 4351 At
1564 4283 1751 4373 coniugalis
1783 4284 1991 4353 consuetudo
2024 4305 2093 4365 uon
2123 4296 2181 4353 est

122 4420 126 4427 ,
164 4372 273 4458 geniis
304 4393 373 4438 nou
401 4368 539 4438 difficile
565 4385 618 4440 est
639 4376 831 4461 excogitare
857 4375 1058 4461 praestigias
1084 4371 1145 4441 ali·
1195 4373 1427 4450 immundities,
1460 4373 1522 4452 scd
1555 4392 1642 4459 opus
1675 4374 1860 4439 ordinatum
1893 4383 1927 4439 et
1956 4374 2183 4478 approbatum

165 4477 263 4562 quas,
284 4460 328 4523 ad
350 4455 548 4524 eludendam
566 4460 717 4546 quamvis
739 4461 950 4547 perspicuam
961 4460 1144 4527 veritatem.
1195 4461 1301 4526 verbo
1323 4456 1400 4540 Dei,
1433 4453 1573 4543 placens
1595 4455 1681 4524 Deo.
1747 4458 1791 4525 Et
1812 4470 1923 4525 tamen
1945 4460 1988 4545 pir
2011 4456 2182 4547 eruderari

164 4542 233 4610 bed
254 4544 422 4610 siudiciis
445 4548 747 4612 controversiarum
764 4545 953 4627 Ecclesiae,
974 4565 1145 4613 removen-
1194 4566 1293 4613 nsum
1315 4564 1378 4631 pro
1400 4556 1551 4650 tempore
1572 4557 1715 4611 norunt:
1749 4542 1791 4610 Et
1824 4546 1958 4698 negotis
1978 4544 2052 4630 lpsa
2076 4534 2180 4613 exeu-

164 4630 208 4696 da
225 4641 278 4697 ast
299 4629 501 4717 Sopbistice,
523 4652 622 4718 qnam
643 4633 759 4700 odisse
779 4653 897 4701 omnes
917 4636 993 4722 pios
1014 4643 1048 4700 et
1068 4646 1145 4721 gra·
1195 4633 1281 4698 tiunt
1302 4632 1400 4697 bouis
1421 4633 1503 4698 vins
1524 4632 1726 4698 domesticas
1748 4632 1980 4720 cogitaturos·

164 4735 227 4783 ves
247 4718 341 4784 viros
361 4736 406 4783 ex
426 4718 537 4785 anbrro
559 4719 667 4786 docet.
2087 4778 2090 4785 -

1281 4799 1374 4870 ldem
1392 4802 1591 4890 ‘respondeo
1615 4802 1656 4868 de
1685 4802 1776 4869 dicto
1797 4800 1954 4881 Essiaet,
1971 4796 2181 4887 blandamlul

1240 4888 1253 4956 l
1275 4884 1370 4956 sertis
1387 4910 1472 4956 vasa
1492 4887 1636 4955 Domini.
1692 4886 1861 4975 Propheta
1882 4889 1925 4954 de
1945 4882 2034 4977 rem
2057 4886 2060 4891 ’
2146 4958 2163 4977 ,,

1195 4989 1242 5041 te
1269 4975 1331 5075 'bic
1363 4971 1522 5065 loquitur,
1554 4974 1590 5043 ld
1622 4980 1687 5056 est,
1720 4975 1763 5040 de
1787 4972 1950 5067 universe¹
1975 4886 2178 5130 obtffie'lss

1196 5081 1298 5149 quarn
1329 5058 1426 5129 Dens
1458 5062 1634 5148 approbat.
1699 5057 1765 5136 Qut
1782 5072 1917 5149 gestent
1935 5079 2020 5143 gaas
2076 5050 2120 5142 el,
