4628 5588
148 142 214 210 roe
464 123 469 130 ’
572 203 582 219 ,
778 113 891 217 eurr.
902 149 1004 219 aran.
1028 143 1217 215 scarum
1238 142 1520 213 nonnanes.
2090 154 2162 221 rot

146 339 350 403 arbitrantur
371 333 542 400 Christum
563 334 609 398 ibi
631 334 862 400 convivantem
886 332 1020 421 dedisse
1043 335 1124 401 duo·
1175 331 1301 400 seculis
1334 337 1507 421 quaesitae
1540 347 1618 402 sunt
1647 339 1885 405 excusationes
1919 344 1996 408 novi
2029 342 2158 409 moris:

147 425 210 488 bus
242 418 307 487 illis
329 422 409 486 viris
432 419 684 487 Sacramentum
706 419 858 504 corporis
890 431 924 482 et
950 423 1123 505 sanguinis
1146 378 1152 518 l
1174 419 1252 487 ldeo
1271 441 1338 485 non
1360 422 1478 487 mirum
1496 434 1549 487 est
1570 418 1672 487 multu
1695 421 1789 491 valia
1811 427 2002 516 excogitata
2023 448 2113 495 esse.

145 510 209 574 sui.
253 505 294 573 Et
318 504 477 578 credibile
499 516 562 585 est,
585 503 771 591 Apostolos
794 504 918 590 passim
940 505 972 568 in
985 508 1124 573 aedibus
1148 526 1150 532 ·

146 594 326 675 amicorum
361 595 583 661 concionatos.
601 604 634 657 et
663 594 859 657 convivatus
889 610 979 670 esse,
1011 602 1045 656 et
1077 592 1124 657 ibi
1263 590 1517 677 Respondemus
1538 594 1638 680 igitur
1659 597 1824 662 breviter:
1846 594 1988 683 Propter
2008 600 2072 667 has
2094 600 2159 667 hu·
2271 594 2274 601 ’

146 680 356 747 distribuisse
378 679 633 745 Sacramentum
655 679 718 761 piis
740 677 959 743 auditoribus.
992 677 1123 744 Adsen·
1174 697 1290 743 manas
1323 680 1542 764 cogitationes
1574 701 1641 746 non
1672 678 1863 749 violandum
1884 695 1938 749 est
1965 687 2158 755 mandatum

145 769 264 838 tiamm·
286 768 385 852 igitur
406 763 500 849 loqui
522 777 648 843 textum
670 766 712 829 da
734 784 840 829 coena
873 760 1017 828 Domini.
1061 763 1123 829 Est
1175 762 1251 843 Dei,
1275 762 1347 830 vult
1365 766 1451 829 enim
1470 764 1563 831 Deos
1585 768 1801 833 ministerium
1824 771 2029 838 conservari.
2086 770 2155 840 Po·

143 867 254 919 autern
288 854 407 917 usitate
430 851 671 938 synecdoche,
703 873 723 914 a
749 847 928 933 pollutione
950 846 1122 915 fractionis
1175 860 1242 914 test
1265 850 1360 917 Deus
1390 852 1463 916 sine
1481 872 1567 941 aqua
1600 854 1768 938 impertire
1798 853 1956 940 Spiritum
1989 868 2157 941 sanctum,

144 941 240 1026 panis
273 950 378 1002 tntum
411 939 600 1002 convivium
633 874 840 1023 signiHcare:
885 932 1125 1022 complectitur
1175 937 1235 1000 scd
1259 948 1369 1002 tamen
1400 935 1471 1003 vult
1494 938 1642 1005 adhiberi
1675 951 1847 1006 externum
1874 942 2016 1029 signnm.
2061 942 2158 1013 Deus

144 1048 227 1112 erga
251 1027 348 1090 etiarn
372 1036 494 1110 potum.
540 1023 632 1087 Haec
661 1036 713 1087 est
735 1021 876 1107 simplex
899 1031 932 1085 et
960 1044 1042 1088 vera
1072 1043 1124 1087 re·
1174 1023 1385 1088 innotescere
1418 1023 1491 1089 vult
1523 1027 1742 1109 perverbum
1771 1047 1880 1105 suum,
1914 1040 1947 1093 et
1978 1030 2077 1116 signa
2112 1032 2157 1098 ab

144 1115 292 1198 sponsio.
338 1108 512 1175 Caeterum
536 1124 683 1195 pugnent
707 1121 863 1195 quantum
878 1103 989 1175 volent
1007 1109 1124 1174 adver·
1175 1110 1249 1195 ipso
1273 1112 1435 1188 instituta,
1469 1130 1535 1175 non
1560 1108 1630 1175 vult
1651 1132 1715 1177 nos
1737 1133 1826 1178 nova
1848 1115 1947 1199 signa
1967 1114 2158 1197 instituere,

144 1200 236 1277 sarii,
270 1210 379 1263 tamen
411 1195 497 1261 hacc
519 1196 706 1260 testimonia
728 1216 795 1260 non
819 1198 1027 1260 excusabunt
1048 1216 1124 1281 pro·
1175 1209 1212 1260 ut
1246 1195 1392 1275 GenteS,
1427 1196 1600 1279 Papistae,
1633 1196 1789 1263 hlonachi
1822 1199 2034 1267 instituerunt
2067 1223 2158 1269 nore
2223 1220 2227 1227 ’

120 1284 346 1351 linitionem.
392 1283 466 1347 Non
495 1303 534 1346 se
558 1286 654 1347 uitur.
699 1281 761 1347 llio
789 1293 915 1346 tantum
944 1282 981 1347 lit
1002 1283 1124 1347 mentio
1177 1282 1285 1369 signa,
1310 1284 1489 1347 currebant
1509 1283 1552 1347 ad
1574 1295 1686 1348 certas
1709 1296 1857 1365 statuas,
1887 1286 1929 1351 ad
1952 1285 2015 1352 has
2037 1287 2158 1375 alliga·

143 1373 250 1456 panis,
273 1369 363 1456 Ergo
385 1367 463 1433 licet
479 1303 649 1433 Ecclesiae
667 1369 844 1452 prohibere
865 1367 1125 1453 partemSacra·
1176 1366 1376 1455 bantDeum
1398 1389 1460 1435 sua
1482 1372 1711 1452 persuasione.
1743 1370 1837 1436 Hanc
1858 1372 2059 1457 impietatem
2082 1395 2159 1441 sae-

143 1459 260 1532 menti,
297 1469 414 1521 consa
443 1477 483 1520 ex
510 1475 639 1520 ressunr
667 1455 859 1543 mandatum
882 1456 971 1539 quod
1003 1452 1126 1541 legitur
1176 1455 1313 1539 pissime
1335 1466 1449 1520 taxant
1471 1455 1671 1541 Prophetae,
1693 1454 1861 1536 Christus,
1879 1472 1912 1523 et
1934 1457 2104 1543 Apostoli,
2125 1473 2164 1537 et

143 1545 175 1610 in
209 1543 423 1609 institutione.
497 1562 562 1607 ano
584 1542 858 1626 consequentiam
880 1541 1028 1607 iudicare
1057 1561 1126 1606 non
1176 1539 1292 1607 volunt
1313 1561 1377 1606 nos
1399 1540 1506 1608 Deum
1529 1545 1621 1608 iuxta
1642 1543 1779 1608 verbum
1801 1555 1835 1608 et
1867 1544 1964 1630 signa
1986 1547 2087 1613 nobis
2115 1549 2162 1614 ab

143 1628 279 1695 difficile
301 1641 363 1693 est.
1176 1627 1249 1712 ipso
1272 1628 1393 1694 tradita
1415 1629 1675 1713 apprehendere.
1722 1626 1800 1694 ldeo
1827 1631 2041 1697 ministerium
2062 1630 2164 1699 Deus

437 1742 441 1751 ·
1176 1715 1208 1778 in
1227 1712 1381 1781 Ecclesia
1403 1727 1437 1780 et
1457 1717 1607 1794 instituit,
1629 1726 1663 1780 ct
1685 1713 1755 1780 vult
1772 1717 1978 1797 conservari,
2002 1739 2065 1784 nec
2085 1739 2163 1803 per·

231 1800 341 1867 Citsnt
364 1813 397 1866 et
419 1798 484 1865 alia
504 1798 656 1884 exempla
675 1821 716 1865 ex
728 1798 888 1879 historiis,
910 1801 966 1866 uhi
984 1798 1022 1864 lit
1037 1820 1125 1864 men·
1176 1800 1289 1879 mittit,
1316 1812 1353 1866 ut
1373 1812 1516 1866 mutetur
1547 1799 1690 1868 humano
1712 1803 1861 1867 arbitrio.
1906 1802 2019 1876 Quare
2047 1816 2083 1870 et
2104 1803 2163 1872 htc

83 1920 89 1933 ·
143 1891 189 1955 tio
214 1888 338 1977 gestati
360 1888 566 1953 sacramenti
590 1889 623 1951 in
646 1885 806 1952 calathis:
829 1885 865 1951 ld
887 1883 1073 1975 intelligunt
1084 1887 1126 1951 de
1178 1888 1221 1951 ita
1258 1888 1465 1953 sentiendum
1502 1902 1570 1951 est:
1610 1886 1726 1952 Voluit
1758 1886 1853 1954 Deus
1893 1889 2047 1956 distincta
2080 1910 2163 1957 esse

144 1974 220 2041 solo
253 1994 348 2061 pane.
393 1973 462 2039 Sed
495 1972 662 2040 Eusebius
696 1985 728 2038 et
758 1973 979 2060 Hieronymus
1013 1984 1125 2038 osten·
1179 1972 1340 2061 Symbola
1364 1980 1515 2058 corporis
1538 1985 1571 2038 et
1600 1974 1789 2061 sanguinis,
1822 1986 1856 2038 ut
1888 1973 1955 2041 lusi
1983 1977 2162 2064 sanguinis

144 2064 237 2141 dunt,
270 2072 445 2147 utramque
489 2072 593 2126 artem
616 2056 750 2125 solitam
772 2060 814 2124 ad
843 2078 884 2125 ae
909 2071 1000 2125 rotos
1032 2057 1125 2124 ferri.
1177 2060 1366 2127 recordatio
1393 2059 1596 2141 celebretur,
1628 2061 1708 2126 ldco
1743 2061 1942 2127 retineamus
1975 2084 2102 2129 morem
2139 2084 2163 2137 a

117 2149 227 2235 'Nam
255 2145 422 2211 Eusebius
443 2081 501 2210 ni.
524 2145 556 2211 6.
580 2147 694 2232 inquit.
750 2144 872 2210 Parum
910 2145 1125 2212 'acharistiae
1177 2146 1311 2215 Christo
1335 2147 1530 2227 institutum,
1552 2159 1584 2213 et
1607 2148 1752 2214 sciamus
1764 2144 1933 2235 Christum
1949 2148 2072 2217 adesse
2093 2169 2161 2217 suo

143 2253 259 2320 puero,
282 2235 338 2318 qui
359 2233 402 2297 ud
420 2254 459 2297 se
481 2244 630 2310 venerat,
654 2233 755 2312 dedit,
778 2232 867 2317 quod
889 2229 1031 2297 inlusum
1059 2235 1126 2298 ius·
1177 2234 1376 2314 ministerio,
1398 2244 1430 2298 et
1452 2254 1513 2319 per
1533 2232 1566 2299 id
1589 2229 1760 2300 efficacem
1782 2252 1872 2299 esse.

143 2322 188 2387 sit
209 2320 282 2385 sent
304 2320 468 2402 praeberi.
512 2318 575 2384 Hic
598 2320 695 2385 unius
713 2319 817 2403 pertis
840 2319 1006 2383 mentione
1024 2328 1126 2385 totam
2002 2378 2014 2393 ,

144 2407 394 2472 Sacramentum
429 2403 669 2490 complectitur.
724 2403 766 2469 Et
806 2404 1027 2490 Hieronymus
1067 2403 1126 2472 ali·
1263 2404 1336 2469 Nec
1358 2402 1440 2469 nibil
1468 2403 1634 2491 significat
1655 2405 1739 2471 haec
1767 2426 1858 2471 nova
1878 2405 2056 2492 prohibitio
2079 2403 2161 2472 oeli·

144 2505 268 2581 quanto
292 2489 416 2557 clarius
435 2491 512 2555 dicit
535 2492 578 2556 arl
596 2488 815 2576 Exuperium:
838 2488 928 2555 Nihil
944 2487 1004 2554 illo
1016 2490 1125 2571 ditius,
1178 2492 1245 2555 cis:
1266 2491 1351 2557 Nam
1372 2491 1460 2555 sicut
1477 2489 1715 2576 prohibuerunt
1728 2490 1909 2558 Pontifices
1927 2493 1999 2557 dari
2017 2488 2162 2559 calicem

144 2578 201 2667 qui
222 2598 345 2664 corpus
368 2576 500 2643 Domini
523 2578 556 2640 ln
579 2579 725 2643 canistro
748 2577 909 2656 vhnineo,
931 2577 1125 2662 sanguinem
1177 2575 1315 2663 popnlo,
1347 2578 1393 2641 ita
1426 2577 1622 2642 deleverunt
1656 2578 1841 2642 doctrinam
1863 2598 1976 2643 veram
2009 2578 2051 2642 de
2080 2599 2162 2645 san·

143 2666 313 2752 portatio
347 2665 444 2729 vitro.
490 2661 548 2731 Sic
570 2660 773 2750 intelligendi
795 2675 873 2728 sunt
902 2659 1028 2728 similes
1049 2661 1127 2742 loci,
1177 2665 1279 2752 guine
1307 2661 1451 2741 Christi,
1480 2660 1635 2728 abluente
1657 2674 1795 2748 peccata
1817 2663 2003 2742 hominurn,
2034 2664 2078 2730 de
2106 2685 2162 2730 re·

60 2758 65 2765 '
144 2753 199 2819 ubi
223 2753 265 2819 de
286 2750 474 2839 gestatione
494 2745 532 2816 fit
552 2752 695 2828 mentio,
727 2750 791 2815 nisi
823 2769 904 2835 pars
936 2746 1042 2814 altera
1071 2771 1126 2815 ex·
1177 2751 1583 2833 missionepeccatorum
1607 2749 1703 2814 etde
1725 2749 1798 2814 lide.
1831 2748 1872 2814 lli
1891 2751 2057 2815 debebant
2079 2770 2161 2817 esse

143 2858 262 2924 presse
284 2834 526 2905 excluderetur.
561 2836 727 2903 Historiae
748 2837 831 2901 satis
853 2834 998 2901 dilucide
1014 2846 1127 2901 osten·
1178 2836 1316 2901 effectus
1339 2836 1505 2901 distributi
1526 2832 1654 2901 calicis.
1684 2832 1730 2900 Ut
1752 2846 1861 2901 autem
1883 2836 1916 2902 hi
1938 2834 2079 2903 enectm
2101 2837 2161 2902 de·

145 2927 245 3004 dunt,
279 2922 384 2991 fuisse
407 2923 574 3011 publicam
603 2935 637 2988 et
660 2943 867 2989 communem
888 2944 985 2989 usum
1006 2923 1127 3008 integri
1177 2920 1235 2988 leti
1257 2933 1346 3003 sunt,
1368 2923 1414 2987 ita
1436 2935 1469 2988 et
1491 2922 1678 2986 ceremonia
1700 2932 1824 2987 mutata
1845 2932 1909 2987 est.

145 3010 364 3077 Sam-amenti.
420 3009 498 3076 ldeo
533 3012 678 3075 obscura
712 3007 863 3094 exempla
895 3011 968 3075 eius
1006 3009 1126 3074 aetatis
1740 3022 1744 3030 ’

146 3098 237 3163 iuxta
271 3096 440 3183 publicum
473 3099 569 3161 ritum
593 3096 786 3179 accipienda
808 3106 896 3160 snat.
916 3093 982 3158 ‘Et
1010 3096 1039 3159 si
1062 3114 1127 3180 qua
1263 3090 1370 3158 Multa
1391 3094 1456 3158 dici
1501 3105 1620 3159 ossunt
1642 3094 1684 3159 de
1705 3090 1837 3181 vulgari
1858 3093 2094 3178 persuasione,
2115 3094 2161 3160 de

145 3196 259 3249 essent
281 3185 448 3247 contraria
472 3179 634 3267 exempla,
657 3192 769 3246 temen
791 3179 1126 3265 prohibitionemnon
1178 3180 1449 3247 concomitantia:
1477 3115 1562 3245 llam
1590 3177 1848 3245 sacramentalis
1878 3179 2068 3246 coniunctio
2097 3176 2158 3245 he·

145 3282 317 3335 exarmant.
1178 3266 1234 3331 het
1256 3285 1351 3332 sunm
1374 3267 1519 3346 modum,
1541 3266 1660 3350 positis
1683 3263 1846 3353 symbolis
1869 3266 1966 3331 adest
1989 3263 2158 3347 Christus,

270 3358 273 3363 ’
1178 3364 1211 3417 et
1233 3364 1287 3416 est
1308 3349 1449 3428 efficax,
1506 3353 1561 3418 uia
1582 3353 1797 3417 ministerium
1826 3353 1878 3417 sio
1899 3353 2085 3417 ordinatum
2105 3361 2161 3418 est

1178 3439 1344 3505 divinitus.
1389 3436 1461 3505 Nec
1483 3373 1726 3505 (iiscadendum
1748 3451 1800 3503 est
1830 3460 1852 3504 a
1873 3438 2043 3504 ministerii
2066 3440 2159 3505 insti-

1176 3527 1302 3595 tutione
1322 3535 1460 3612 propter
1480 3523 1642 3591 humanas
1661 3526 1890 3612 cogitationes.
1913 3598 1918 3605 ,

471 3635 565 3716 Alia
598 3631 796 3717 Obiectio.

232 3866 268 3931 ln
298 3887 384 3952 pane
407 3867 503 3932 datur
532 3870 641 3933 virum
671 3888 811 3951 corpus:
846 3866 950 3955 lgitur
986 3869 1124 3953 sanguis
1506 3858 1600 3941 Alia
1632 3855 1830 3942 Obiecbio.

146 3950 244 4019 simul
266 3953 371 4019 datur.
416 3954 514 4026 Quod
538 3976 611 4018 cunr
636 3954 681 4018 ita
704 3955 766 4032 sit,
795 3954 875 4019 satis
899 3965 953 4018 est
974 3955 1126 4040 accipere

147 4062 244 4105 unam
267 4050 403 4125 partem,
425 4040 503 4127 quia
525 4041 566 4105 de
589 4037 874 4125 aequivalentibus
897 4062 963 4107 non
979 4053 1035 4106 est
1046 4061 1126 4107 con·
1263 4039 1353 4107 Utile
1383 4052 1436 4107 est
1463 4039 1640 4106 discrimen
1669 4042 1755 4105 inter
1785 4040 1889 4106 Presh
1916 4052 2008 4106 teros
2028 4052 2063 4106 et
2083 4039 2164 4108 Lai·

147 4127 311 4192 troversia
335 4129 513 4192 nmrenda:
535 4126 581 4191 Ut
604 4147 677 4190 curn
691 4126 843 4211 Apostoli
868 4129 1075 4213 baptizantes
1092 4128 1125 4191 in
1179 4148 1239 4193 cos
1263 4129 1402 4194 ostendi.
1446 4125 1551 4190 Huius
1585 4128 1794 4192 ceremoniae
1821 4124 2050 4193 dissimilitudo
2079 4124 2164 4194 facit

146 4215 279 4279 nomine
312 4208 445 4291 Christi,
480 4211 638 4278 volebant
668 4224 777 4278 tannen
799 4214 931 4279 nomine
952 4213 1042 4293 Filii,
1075 4212 1125 4278 lu·
1179 4215 1372 4280 discrimen:
1400 4210 1492 4298 Ergo
1515 4210 1669 4277 Ecclesia
1691 4213 1823 4278 videtur
1843 4211 2007 4297 probabili
2030 4214 2163 4279 ratione

146 4300 251 4368 dacos
274 4300 316 4365 de
339 4300 638 4385 patreadrnoncre,
662 4298 1008 4379 etnominehlessiae,
1026 4302 1127 4451 signi·
1177 4298 1267 4366 hanc
1290 4298 1587 4368 dissimilitudinem
1600 4300 1792 4365 instituisse.
1817 4368 1820 4372 ,

146 4385 260 4466 ficare,
307 4387 372 4451 uod
396 4388 534 4452 daturas
558 4397 649 4451 esset
671 4385 827 4470 Spiritum
851 4398 1013 4451 sanctum.
1086 4407 1126 4452 ur
1595 4463 1596 4466 Ἴ

145 4472 186 4537 dc
209 4409 489 4558 appellationibus
512 4473 734 4550 dimicaretur,
756 4493 829 4537 cunr
852 4492 922 4537 rem
944 4472 1051 4557 ipsam
1072 4493 1126 4537 sa·
1266 4472 1295 4536 Ο
1329 4470 1534 4558 singularem
1566 4471 1811 4556 hapudentiam.
1867 4471 1997 4537 Scimus
2030 4466 2160 4557 multos

48 4558 51 4565 '
146 4560 188 4624 tis
213 4555 405 4624 declarent?
450 4557 497 4623 lta
520 4559 553 4622 in
577 4557 642 4624 hoc
665 4557 903 4638 Sacramenta,
923 4578 986 4624 cur
1006 4559 1047 4624 de
1070 4579 1125 4623 ex·
1177 4558 1360 4643 scriptores
1382 4559 1473 4622 serio
1490 4555 1576 4622 banc
1595 4553 1889 4644 causamallegare
1905 4552 2162 4625 indelendends

146 4656 242 4710 terno
264 4641 386 4729 poculo
408 4642 568 4731 litigatur,
591 4646 619 4710 si
641 4646 784 4730 inpane
802 4666 924 4733 corpus
942 4647 1125 4734 etsangnis
1178 4644 1244 4709 hac
1265 4644 1502 4728 prohibitione:
1535 4643 1581 4708 Ut
1614 4640 1816 4727 amplificent
1839 4644 2029 4730 dignitatem
2046 4662 2160 4709 sacer·

146 4731 368 4797 exhibentur?
1179 4731 1303 4810 dotum,
1326 4731 1439 4797 dicunt
1460 4730 1513 4794 his
1536 4729 1788 4816 relinquendum
1810 4750 1886 4795 esse
1907 4729 2075 4880 integrum
2097 4728 2159 4796 Sa·

1178 4828 1394 4897 crumentum,
1415 4816 1603 4882 laicisvero
1624 4829 1751 4882 tantum
1770 4827 1894 4902 partem
1915 4829 1971 4881 tan
1996 4837 2060 4883 aru.
2090 4814 2159 4881 Sed

234 4903 326 4969 llaec
348 4905 491 4971 obiectio
513 4916 645 4992 sumpta
667 4915 789 4971 estex
811 4901 942 4993 vulgari
972 4906 1060 4972 dicto
1084 4904 1126 4971 de
1177 4904 1262 4969 haec
1284 4905 1459 4970 temeraria
1510 4905 1662 4968 ersnasio
1685 4904 1807 4968 acriter
1829 4902 2104 4987 reprehendenda
2125 4907 2212 4967 et*

147 4991 411 5069 concomitantia,
435 5002 470 5056 ut
492 5004 626 5058 vocant.
652 4987 739 5075 Dixi
761 5003 871 5058 autem
893 5001 992 5057 antea
1012 4990 1126 5060 huma·
1178 4986 1355 5057 refutanda
1373 5003 1435 5056 est.
1479 4925 1541 5054 Est
1563 4988 1652 5055 aliud
1676 4989 1851 5055 discrimen
1874 4991 1960 5054 inter
1982 4986 2158 5057 Ministros

145 5099 208 5145 nrm
229 5078 424 5145 traditiones
444 5079 571 5146 habere
592 5079 738 5165 speeiem
760 5079 953 5165 sapientiae.
986 5075 1125 5145 Totiam
1178 5075 1373 5156 ethnicos,
1402 5076 1494 5165 quod
1523 5076 1577 5142 hio
1599 5078 1731 5164 integre
1750 5071 1910 5163 explicari
1937 5094 2005 5141 non
2027 5086 2159 5163 potest.
