4628 5588
28 199 30 202 ·
153 151 273 259 aia,
665 198 670 208 2
753 188 836 256 <v.
862 178 1128 260 mercurio
1152 188 1353 261 smmum
1374 188 1534 261 ursam
1799 292 1803 299 .
1958 171 1961 176 ’
2102 190 2173 261 sss

151 597 422 681 Illustrissimo
451 595 628 707 Principi
658 550 718 679 ao
736 595 931 702 Domine,
978 595 1029 679 D.
1068 592 1247 706 Georgio
1281 595 1486 681 Fridcrico
1523 596 1749 682 Marchioni
1768 541 1771 547 Ι
1791 596 2160 712 Brandcburgeusi,

186 800 191 807 ,
274 717 421 806 Stetini
451 731 495 801 et
525 717 791 803 Pomcrauiae
822 731 897 802 etc.
929 717 1035 801 Duci
1066 731 1140 802 etc.
1158 718 1427 830 -Burggruvio
1457 719 1756 832 Noribergensi,
1788 719 1967 804 Domino
2000 750 2075 805 stro

825 848 829 854 ’
914 840 1250 925 clementissimo.
1283 840 1322 925 S.
1343 839 1393 924 D.
1849 870 1854 877 ·

359 1075 531 1135 Annieunt
548 1073 696 1146 sedecim,
720 1094 788 1135 cum
810 1075 841 1135 ln
863 1075 1032 1137 Academia
1041 1076 1272 1156 Witebergensi
1285 1076 1501 1137 enarrationem
1513 1074 1652 1158 Symholi
1674 1072 1782 1137 Niceni
1805 1075 1958 1138 inchoavit
1977 1079 2167 1141 meseum

152 1165 197 1228 rlr
225 1159 346 1242 Caspar
367 1157 514 1242 Cruciger
536 1179 643 1224 sacrae
665 1159 855 1242 Theologiae
882 1162 1014 1235 Ductor,
1048 1163 1087 1224 de
1116 1162 1247 1224 consilio
1277 1169 1309 1223 et
1337 1163 1492 1223 sententia
1512 1161 1645 1244 Philippi
1667 1161 1894 1235 Melaotbonis‚
1927 1183 1965 1225 eo
1987 1164 2072 1246 quod
2091 1170 2167 1247 post

99 1252 103 1258 ’
151 1252 266 1331 scripta
287 1247 472 1328 Prophetica
500 1254 531 1308 et
552 1247 734 1328 Apostolica
763 1255 795 1310 et
816 1248 994 1329 Symbolum
1016 1249 1251 1330 Apostolorum,
1282 1248 1374 1310 huius
1396 1247 1505 1310 Niceni
1529 1247 1669 1331 Symboli
1691 1250 1853 1331 praecipua
1880 1249 1937 1311 init
1963 1253 2110 1314 autoritas
2132 1252 2165 1314 in

151 1336 305 1400 Ecclesia
338 1330 502 1396 Conditum
527 1334 556 1394 id
580 1341 640 1407 eet,
663 1354 772 1415 magno
796 1356 951 1397 consensu
973 1354 992 1395 a
1013 1333 1157 1398 Patribus
1176 1338 1320 1398 trecentis
1344 1335 1513 1397 octodecim
1536 1338 1565 1396 in
1589 1339 1662 1398 urbe
1680 1334 1847 1419 Bithyniae
1855 1337 1955 1399 Nicea
1974 1340 2165 1420 temporibus

155 1419 344 1488 Constantini
376 1421 479 1501 Magni
511 1428 614 1482 contra
634 1422 754 1481 Arrium
778 1421 1003 1483 Alexandrinae
1024 1421 1189 1484 Ecclesiae
1213 1421 1430 1504 Presbyterum
1452 1430 1605 1485 serentem
1635 1424 1759 1505 impium
1782 1423 1893 1504 dogma
1910 1432 2015 1487 astute
2031 1424 2165 1488 fucatum

27 1579 32 1586 ,
152 1519 255 1573 contra
277 1508 463 1570 divinitatem
486 1503 611 1569 Christi.
640 1505 709 1568 Etsi
733 1515 834 1570 autem
853 1511 958 1588 primis
981 1509 1073 1571 huius
1096 1510 1228 1570 incendii
1247 1511 1341 1572 initiis
1364 1517 1479 1572 mature
1501 1511 1632 1573 occurrit
1654 1506 1878 1572 Constantinus
1896 1507 2077 1593 lmperator‚
2103 1528 2164 1576 non

150 1606 251 1662 tamen
270 1597 446 1658 restinctum
470 1600 520 1655 est
540 1601 629 1667 tunc,
659 1593 725 1656 Sed
746 1593 901 1675 aliquanto
924 1603 996 1678 post
1024 1595 1117 1657 latius
1140 1599 1169 1657 in
1195 1598 1272 1658 Asia
1293 1604 1432 1679 r'agatum
1459 1602 1517 1658 est.
1560 1595 1722 1676 Nunquam
1746 1599 1825 1659 enim
1848 1599 1982 1678 quiescit
2001 1597 2165 1675 Diabolus,

150 1684 208 1746 sed
232 1704 301 1746 cum
323 1684 366 1744 sit
387 1680 540 1742 homicida
562 1688 593 1742 et
614 1681 744 1743 mendax
766 1690 798 1744 et
820 1682 923 1745 ardeat
941 1681 1075 1744 horribili
1094 1683 1249 1756 odioDei,
1272 1691 1306 1747 ut
1316 1683 1416 1746 Deum
1435 1681 1619 1744 contumelia
1640 1683 1752 1744 afliciat
1773 1691 1805 1746 et
1816 1682 1991 1747 Ecclesiam
2013 1686 2178 1761 devastet..

151 1778 307 1853 oppugnat
329 1767 407 1829 hauc
427 1775 557 1847 utroque
575 1768 676 1841 modo,
695 1770 824 1830 saevitia
847 1777 938 1850 atque
958 1769 1135 1831 crudelitate
1154 1767 1343 1852 Tyrannicae
1364 1769 1629 1852 persequutionis,
1659 1777 1690 1832 et
1711 1769 1801 1831 salsis
1820 1770 2030 1851 dogmatibus,
2059 1771 2165 1854 impel-

150 1857 242 1922 lendo
264 1856 345 1918 levia
367 1855 489 1935 ingenia
510 1854 549 1915 ad
571 1855 759 1936 spargendas
782 1857 890 1937 impias
913 1857 1090 1937 opiniones,
1114 1857 1280 1938 harumque
1304 1859 1442 1937 contagia
1463 1857 1672 1938 propagando,
1701 1865 1733 1919 et
1755 1857 1908 1919 incitando
1930 1857 2108 1940 Tyrannos‘,
2130 1866 2167 1923 nt

152 1942 369 2025 suppliciorum
392 1961 428 2002 ac
451 1940 589 2003 caedium
612 1943 796 2003 immanitate
816 1943 921 2017 delere
944 1941 1119 2004 Ecclesiam
1144 1951 1296 2006 conentur.
1342 1942 1404 2007 Vix
1426 1942 1552 2005 liberata
1572 1943 1716 2006 Ecclesia
1742 1964 1761 2004 a
1789 1944 1947 2025 tyrannide
1968 1943 2163 2018 Diocletiani,

152 2028 308 2092 Maximini
331 2034 364 2090 et
384 2026 504 2098 Licinii,
528 2029 722 2108 acquieverat
743 2027 979 2109 aliquantulum,
1013 2051 1080 2091 cum
1111 2031 1282 2092 incendium
1309 2030 1369 2091 hoc
1391 2030 1499 2090 Arrius
1512 2031 1541 2090 in
1565 2032 1709 2112 Aegypto
1728 2032 1871 2093 excitavit
1893 2030 1998 2093 dolore
2019 2031 2165 2114 repulsas

152 2123 188 2179 ut
205 2115 353 2186 scribunt,
383 2114 463 2195 quod
487 2108 707 2197 Episcopalum
730 2114 968 2178 Alexandrinum
991 2118 1145 2189 ambienti,
1166 2117 1322 2199 praelatus
1344 2123 1433 2178 esset
1455 2115 1643 2178 Alexanderr
1671 2116 1720 2178 Re
1742 2118 1810 2198 ipsa
1832 2117 1913 2178 idem
1936 2120 2052 2192 sensit,
2080 2116 2167 2200 qood

153 2210 224 2265 sote
246 2202 409 2264 docuerant
430 2199 530 2263 Ebioo
554 2201 775 2263 samosatenus
798 2209 830 2265 et
850 2202 971 2265 similes
993 2201 1055 2264 alii.
1101 2204 1166 2264 Sed
1195 2225 1263 2266 cum
1286 2224 1345 2265 noo
1368 2202 1494 2264 auderet
1515 2222 1665 2286 expresse
1695 2224 1807 2285 negare
1825 2203 1911 2285 hiron
1932 2223 2008 2266 esse
2034 2203 2164 2289 domei·

151 2314 250 2374 μενον,
273 2296 374 2351 astute
396 2286 489 2349 olium
511 2289 695 2370 excogitavit
716 2289 827 2350 locum.
873 2288 959 2352 Dixit
980 2311 1039 2351 nou
1064 2310 1138 2351 esse
1162 2299 1354 2352 coaeternum
1376 2290 1451 2372 patri
1474 2287 1577 2372 λόγον,
1606 2289 1666 2351 sed
1688 2310 1836 2352 summam
1866 2297 2033 2353 creaturam
2063 2290 2165 2354 condi·

151 2383 212 2440 tam
234 2395 273 2438 ex
295 2373 401 2436 nihilo.
446 2371 481 2436 ld
503 2377 583 2437 enirn
605 2370 762 2449 formulae,
786 2377 898 2456 quibus
919 2396 999 2437 usus
1019 2383 1082 2449 est,
1105 2377 1280 2450 ostendunt,
1299 2366 1334 2458 ἢν
1355 2400 1440 2456 noar,
1462 2372 1511 2439 ’ὅτε
1531 2374 1585 2440 oris
1608 2366 1643 2457 ἢν
1663 2376 1769 2459 λόγος,
1798 2376 1857 2438 hoc
1880 2384 1948 2450 est,
1977 2384 2041 2442 erat
2068 2384 2167 2461 patcr,¹

151 2482 218 2526 cum
241 2462 374 2525 nondum
397 2468 486 2523 esset
506 2462 602 2543 λόγος.
646 2460 732 2534 ltem,
756 2462 831 2524 dixit
849 2483 923 2525 esse
944 2456 1032 2545 λόγον
1053 2468 1085 2542 ἐξ
1106 2461 1159 2527 oda
1181 2463 1283 2545 ὄντων,
1306 2485 1345 2526 ex
1367 2484 1426 2527 nou
1445 2465 1661 2536 existentibus,
1685 2464 1795 2538 idest,
1818 2482 1858 2525 ex
1879 2462 1985 2528 nihilo.
2030 2464 2166 2547 Negavit

150 2570 222 2633 ergo
244 2570 278 2612 re
301 2550 371 2633 ipsa
391 2546 504 2610 Filium
527 2570 601 2612 essa
623 2547 663 2613 de
685 2551 824 2612 essentia
844 2547 945 2613 Patris
969 2556 1001 2613 et
1023 2551 1270 2631 omnipotentem.

356 2702 458 2766 liuius
479 2706 735 2787 interpretationis
757 2711 789 2767 et
810 2707 982 2767 sententiae
1004 2724 1072 2767 cum
1101 2702 1228 2767 baberet
1250 2704 1467 2787 suifragatores
1489 2705 1607 2785 aliquot
1627 2701 1820 2786 Episcopus,
1850 2713 1882 2768 et
1904 2707 2021 2786 privata
2041 2706 2163 2786 dissue

149 2793 199 2854 sio
221 2790 466 2854 inmanifestum
490 2778 891 2873 emmperet'Ecclesiamm
915 2792 1155 2865 distractionem,
1179 2788 1400 2855 Constantinus
1423 2791 1523 2855 edicto
1546 2790 1670 2871 publico
1692 2793 1871 2854 convocavit
1900 2812 2007 2854 omnes
2027 2792 2161 2874 Episco-

148 2896 208 2960 pos
231 2872 260 2939 in
278 2879 384 2940 urbem
407 2872 733 2960 BithyniaeNiceam,
767 2885 801 2939 ut
822 2879 864 2939 ibi
883 2879 913 2939 in
935 2877 1062 2960 Synodo
1091 2878 1130 2939 de
1153 2879 1348 2941 consessione
1370 2877 1558 2959 singulomm
1580 2884 1613 2939 et
1627 2879 1829 2951 testimoniis,
1863 2880 1978 2960 quihus
1999 2870 2158 2943 confusis

150 2967 304 3042 niteretur,
327 2965 474 3046 dirempta
496 2965 651 3027 discordia
672 2966 906 3027 constitueretur
926 2985 986 3026 uua
1008 2973 1040 3028 et
1061 2967 1256 3027 consentiens
1278 2964 1374 3027 lomna
1395 2965 1549 3027 doctrinae
1570 2965 1611 3027 de
1627 2962 1708 3026 Mlio
1729 2963 1799 3028 llal.
1838 3037 1842 3044 Ι

174 3198 176 3202 ,
357 3133 573 3198 Convenerunt
595 3157 667 3218 ergo
688 3139 814 3200 trecenti
844 3146 876 3200 et
897 3138 1068 3221 octodecim
1090 3135 1256 3219 Episcopi,
1287 3137 1365 3199 inter
1386 3158 1466 3218 quos
1493 3136 1579 3200 multi
1602 3137 1723 3201 luerunt
1749 3137 1879 3202 mutilati
1901 3139 2004 3219 aliqua
2025 3139 2162 3221 corporis

148 3228 233 3304 parte
256 3222 316 3285 sub
337 3222 531 3286 Diocletiano
553 3223 718 3285 Maximino
742 3231 774 3285 et
795 3222 924 3295 Licinio,
947 3223 1001 3284 viri
1023 3226 1147 3306 pietate,
1171 3225 1316 3296 doctrina,
1338 3227 1499 3287 sanctitate
1519 3227 1613 3297 ritae,
1631 3225 2029 3299 constantiaconlessionis,
2050 3234 2163 3300 aetate,

149 3310 288 3390 insignes
312 3317 343 3372 et
365 3311 541 3386 admirandi,
564 3312 616 3393 qui
635 3331 702 3372 cum
726 3312 947 3391 opposuissent
968 3311 1057 3372 Arrio
1081 3319 1173 3392 caput
1192 3315 1321 3393 primum
1339 3307 1482 3374 lobannis
1505 3317 1556 3375 soi
1569 3310 1644 3386 θεὸς
1662 3302 1697 3392 ἦν
1712 3309 1731 3376 o‘
1746 3312 1850 3394 λόγοςε
1866 3311 2002 3374 Etdiota
2019 3312 2166 3374 deonna

148 3397 284 3478 potentia
305 3395 376 3458 Filii
399 3405 432 3460 ut
453 3396 596 3459 lobannis
616 3399 721 3479 primo,
745 3396 855 3458 Omnia
876 3417 931 3479 per
952 3399 1051 3479 ipsum
1076 3397 1258 3461 factasunt.
1303 3394 1389 3470 ltem,
1411 3399 1479 3480 Ego
1501 3401 1594 3461 vitam
1615 3407 1767 3461 aeternam
1785 3399 1825 3461 do
1847 3400 1904 3460 sis
1948 3399 2026 3460 Sine
2047 3418 2098 3460 me
2119 3401 2164 3461 ni-
2228 3413 2232 3417 ’

149 3483 191 3546 hil
214 3485 348 3566 potestis
371 3484 481 3545 lacere.
526 3484 568 3547 Et
589 3483 698 3545 Matth.
721 3487 771 3547 18.
816 3483 1000 3564 Ubicunque
1022 3492 1095 3546 sunt
1116 3485 1177 3546 duo
1199 3492 1251 3547 aut
1277 3493 1341 3548 tres
1364 3487 1537 3567 congregati
1560 3488 1590 3547 ia
1621 3488 1741 3546 nomine
1762 3505 1850 3557 meo,
1884 3487 1913 3547 in
1935 3484 2039 3546 medio
2056 3502 2163 3548 eorurs
2285 3526 2295 3549 ι

149 3590 230 3636 sum,
275 3566 441 3633 Colossen.
467 3577 494 3633 l.
540 3571 651 3633 Omnia
671 3590 727 3652 per
749 3571 849 3650 ipsum
873 3578 904 3633 et
926 3573 955 3632 in
979 3573 1079 3652 ipsum
1104 3573 1224 3633 condita
1241 3579 1322 3644 sont,
1347 3580 1379 3634 et
1400 3573 1500 3635 omnia
1521 3592 1575 3654 per
1591 3591 1661 3633 eum
1684 3573 1864 3634 consistunt.
1906 3571 2018 3634 Ebrse.
2043 3576 2070 3633 l.
2100 3568 2164 3633 Per

149 3678 240 3740 qnem
264 3664 295 3718 et
316 3658 424 3720 secula
446 3658 533 3730 lecit,
568 3661 620 3739 qui
643 3664 692 3721 est
720 3656 821 3739 fulgor
841 3656 957 3740 gloriae
980 3665 1011 3719 et
1033 3656 1152 3737 effigies
1173 3659 1366 3721 substantiae
1395 3661 1463 3721 eius
1493 3665 1672 3720 sustentans
1695 3659 1804 3718 omnia.
1848 3659 1990 3738 Denique
2018 3657 2100 3720 dicta
2121 3658 2165 3720 ds

148 3745 351 3814 inuocatione,
375 3766 454 3826 quae
475 3752 624 3809 testantur
644 3743 754 3806 Filium
778 3748 1014 3827 omnipotentem
1036 3764 1121 3817 esse,
1144 3746 1271 3807 Adesse
1294 3746 1418 3826 ubique,
1442 3746 1640 3827 introspicere
1662 3764 1699 3806 ac
1715 3763 1899 3825 pernoscere
1921 3741 2045 3808 abditos
2067 3753 2163 3826 stqos

94 3892 106 3910 ,
149 3831 289 3894 occultos
312 3833 476 3892 animorum
499 3853 631 3903 sensus,
666 3832 809 3894 exaudire
831 3842 923 3914 atque
952 3829 1092 3913 opitulari
1115 3833 1239 3914 ubique,
1263 3853 1342 3913 quae
1369 3833 1489 3893 dlrinae
1511 3841 1635 3895 naturae
1656 3840 1729 3894 sunt
1747 3832 1884 3913 propria,
1908 3830 1968 3894 liis
1983 3851 2063 3917 ergo
2087 3852 2184 3905 usam·

148 3919 229 3979 Arrii
260 3926 460 3981 commentum
490 3920 647 3982 evidenter
667 3919 875 3991 relutassent,
899 3917 1114 3981 conclusemnt
1140 3940 1179 3981 cx
1200 3919 1341 3981 collectis
1363 3920 1549 3982 testimoniis
1578 3921 1744 4000 scripturae
1773 3925 1877 3980 contra
1905 3919 2026 3980 Arriam
2048 3916 2161 3982 hiliuns

147 4006 224 4086 patri
247 4001 407 4084 o'poericsor
428 4024 513 4077 esse,
536 4004 578 4067 itt
599 4013 633 4068 ut
654 4007 810 4068 doctrinae
832 4026 951 4066 summo
968 4007 1115 4068 brevibus
1133 4007 1354 4088 comprehensa
1372 4026 1496 4089 sempor
1517 4008 1547 4066 in
1568 4013 1738 4087 conspectu
1759 4011 1863 4078 esset,
1886 4025 2035 4069 summam
2063 4007 2161 4069 totins

147 4093 354 4173 repetiverunt
376 4090 525 4173 Symbolo
549 4095 730 4175 coraposito,
754 4093 834 4173 quod
858 4093 962 4154 aloco
981 4092 1099 4174 Synodi
1122 4094 1270 4155 Nicenum
1285 4101 1448 4166 ‘vocatum,
1472 4100 1505 4155 et
1524 4091 1717 4174 plurimorum
1740 4093 1792 4173 qui
1818 4100 2025 4155 ‘convenerant
2052 4091 2162 4153 suh'ra·

148 4180 208 4259 giis
232 4185 263 4239 et
291 4180 517 4259 subscriptione
540 4182 763 4261 comprobatum
787 4187 844 4241 est
888 4178 1051 4261 Repretitae
1074 4181 1205 4242 suntab
1228 4181 1338 4242 iisdem
1363 4187 1395 4243 et
1423 4180 1614 4242 continuatae
1643 4180 1744 4241 denno
1776 4180 2046 4242 condemnationes
2075 4177 2161 4258 impii

148 4264 300 4346 dogmatis
323 4266 527 4336 Saurosateni,
552 4274 583 4327 et
606 4267 709 4328 reiecti
731 4273 803 4326 sunt
825 4274 915 4347 atque
939 4265 1058 4348 explosi
1083 4288 1199 4328 errores
1221 4266 1333 4328 Novati
1356 4275 1388 4329 et
1404 4265 1527 4333 Miletii,
1546 4269 1597 4348 qui
1620 4272 1765 4346 negarunt
1787 4265 1895 4347 lapsos
1916 4268 1944 4328 si
1966 4264 2098 4326 redirent
2120 4264 2160 4325 ad

147 4352 363 4433 poenitentiam
391 4353 584 4432 recipiendos
615 4373 697 4414 esse.
754 4352 821 4413 llae
850 4354 971 4416 luerunt
997 4357 1177 4416 occasiones
1199 4361 1231 4415 ut
1254 4354 1434 4416 conderetur
1462 4352 1642 4435 Symbolum
1671 4350 1829 4413 Nicenurn.
1874 4349 1945 4412 Etsi
1967 4357 2068 4411 autern
2098 4371 2159 4412 non
2289 4363 2292 4369 “

147 4438 239 4511 modo
259 4456 317 4499 non
340 4442 442 4519 sopita
459 4448 532 4501 sunt
553 4441 715 4501 certamina
737 4438 787 4500 his
810 4440 965 4512 remediis,
988 4441 1046 4502 sed
1068 4438 1159 4523 paulo
1181 4447 1253 4521 post
1273 4439 1486 4502 vehementius
1509 4445 1694 4510 exarserunt,
1712 4445 1744 4499 et
1765 4437 1898 4498 horribili
1917 4437 2111 4498 Arrianorum
2129 4439 2162 4498 ls

147 4523 347 4587 orthodoxos
370 4526 498 4586 saevitia
516 4534 588 4588 sunt
610 4532 798 4605 exasperata,
821 4527 899 4587 adeo
922 4535 957 4588 ot
978 4529 1006 4587 iu
1036 4549 1074 4589 ea
1095 4528 1293 4589 distractione
1317 4524 1544 4605 Ecclesiamm,
1570 4525 1660 4607 paulo
1687 4529 1761 4605 post
1783 4524 1864 4605 quod
1885 4523 2033 4585 dubitatio
2056 4522 2160 4585 odium
2267 4583 2272 4593 ,

147 4611 304 4672 doctrinae
325 4613 413 4693 parit,
432 4615 562 4674 niaxima
579 4611 739 4674 multitudo
763 4621 905 4694 pertaesa
928 4615 1124 4675 obscurarum
1139 4616 1377 4695 disputationum
1399 4622 1432 4676 et
1448 4616 1577 4675 rixamm
1600 4607 1890 4683 interChristianos,
1913 4610 2093 4672 avidissime
2114 4630 2160 4672 re-

147 4700 262 4779 ceperit
284 4698 393 4779 dogma
415 4698 581 4762 Mahometi
604 4698 770 4781 prophanis
794 4701 925 4780 ingeniis
948 4699 1128 4781 plausibile,
1158 4702 1245 4762 cuius
1273 4702 1416 4782 contagia
1439 4720 1520 4782 pene
1548 4700 1638 4760 unlus
1660 4699 1728 4759 anni
1757 4699 1857 4779 spatio
1879 4699 2038 4759 maximam
2060 4698 2160 4759 Asiae

10 4854 14 4863 ‚
146 4792 179 4847 et
200 4784 354 4867 Apbricae
376 4795 489 4867 partem
513 4786 679 4847 inleoemnt
700 4786 837 4847 doctrina
859 4794 890 4847 et
908 4789 997 4847 armis
1009 4796 1182 4870 propagata,
1204 4787 1317 4868 proluit
1333 4796 1434 4850 tameo
1453 4788 1610 4849 consessio
1627 4783 1878 4847 Niceaeeditaet
1894 4783 1957 4845 iliis
1969 4785 2160 4867 temporibus

147 4879 179 4934 et
195 4874 250 4934 toti
273 4875 453 4954 posteritati.
477 4873 614 4934 Retinuit
632 4875 711 4934 enim
730 4880 762 4933 et
771 4875 929 4954 usurparit
940 4894 1008 4935 eam
1031 4875 1174 4937 Ecclesia
1197 4876 1328 4936 omnium
1350 4881 1516 4956 temporum
1540 4882 1681 4954 tauquam
1703 4872 1831 4933 evidens
1853 4871 1972 4933 illustre
1995 4878 2027 4934 et
2043 4871 2159 4933 firmum
2277 4910 2280 4915 ‹

146 4960 352 5022 testimonium
375 4959 413 5021 ad
432 4960 607 5022 refutandos
630 4967 661 5021 et
683 4959 929 5040 compescendos
952 4980 1023 5031 ecs,
1047 4960 1097 5041 qui
1124 4962 1316 5022 Samosateni
1343 4968 1375 5023 et
1402 4963 1481 5023 Arrii
1511 4959 1628 5021 furores
1655 4964 1843 5030 renouarunt.
1888 4956 1921 5019 ln
1950 4959 2063 5020 nostris
2085 4977 2158 5018 vero

145 5043 301 5106 Ecclesiis
324 5046 518 5108 decantantur
539 5047 724 5128 publicant
741 5045 819 5107 hoec
842 5048 910 5126 ipsa
931 5049 1072 5128 repetitio
1095 5055 1225 5111 testetur
1247 5048 1287 5111 dc
1309 5068 1464 5132 consensu
1486 5053 1591 5109 nostro
1614 5048 1644 5108 in
1661 5066 1733 5108 sera
1755 5046 1891 5108 doctrina
1915 5066 1983 5108 cum
2003 5063 2077 5106 vera
2100 5042 2158 5106 Eo·

62 5136 69 5147 '
146 5131 245 5194 alesia
265 5130 426 5195 Catholica
446 5133 518 5206 Del,
541 5142 573 5195 et
593 5140 628 5195 ut
648 5133 741 5195 ammi
769 5132 808 5195 de
830 5130 923 5195 huius
936 5133 1100 5199 doctrinae
1128 5134 1309 5200 certitudine
1334 5135 1552 5225 condonentur.
1596 5131 1667 5197 Etsi
1693 5135 1775 5196 sniss
1796 5132 1915 5218 synodi
1937 5150 1997 5195 non
2026 5134 2159 5216 passast
