4628 5588
143 157 211 226 aar
310 208 317 217 .
778 152 823 221 v.
843 151 1112 229 annorum
1133 137 1339 220 avernen
1359 152 1530 243 prount.
2095 156 2164 227 aas

142 362 198 418 tur
219 356 348 414 tautum
368 354 445 430 post
461 344 741 411 resurrectionem
763 340 890 409 Christi
922 341 1051 409 effusus
1073 353 1127 408 est
1262 340 1308 407 Ut
1336 352 1446 408 autem
1479 342 1613 408 bonitas
1641 341 1706 408 Dei
1734 343 1906 424 immensa,
1927 345 2035 433 ιιιιιςὶε
2057 367 2163 433 agno·
2222 385 2225 389 <

141 438 177 503 in
198 444 338 521 pectora
359 441 551 497 sanctorum
574 430 719 581 Spiritus
740 440 893 513 sanatus,
908 431 971 494 sed
992 448 1127 515 semper
1176 440 1292 494 scatur
1315 443 1348 495 et
1370 428 1570 509 celebretur,
1592 427 1726 494 collatio
1757 432 1937 518 cogitanda
1959 443 2011 498 est
2032 434 2163 518 piorum

141 521 270 607 Spiritu
290 530 409 584 sancto
432 537 548 583 omues
571 517 670 583 cecti
704 514 904 583 sanctificati
931 527 1019 581 sunt.
1083 514 1127 581 Et
1177 526 1210 580 et
1241 515 1425 601 impiorum.
1470 514 1578 590 Quam
1611 517 1685 581 tetri
1708 512 1839 583 furores
1861 520 1993 583 suntin
2015 516 2162 587 historiis

57 608 66 617 '
141 608 275 695 quidem
308 605 431 671 dictum
464 602 586 669 Esaiae
625 600 851 670 dulcissimam
879 602 1064 667 doctrinam
1091 614 1126 667 et
1175 601 1350 686 impiorum
1373 604 1526 666 omnibus
1549 605 1715 667 aetatibus
1727 602 1820 683 Cain,
1843 601 2029 692 Caligulae,
2053 605 2159 673 Nero-

142 689 407 762 consolationem
430 690 587 755 continet.
652 684 809 755 Affirmat
838 708 971 774 semper
991 709 1126 754 mansu·
1176 688 1241 766 nis,
1274 686 1573 773 Philosophorum,
1609 687 1848 774 Epicureorum
1881 703 1914 757 ct
1946 690 2161 778 Cynicorum,

140 801 213 846 ram
235 799 313 843 esse
334 775 522 843 Ecclesiam
538 774 615 854 Dei,
635 777 674 840 et'
688 777 734 840 ibi
751 795 941 857 mensurant
957 794 1047 853 esse,
1069 775 1124 839 ubi
1176 777 1253 839 itenr
1276 774 1537 854 liner-eticorum,
1560 787 1596 839 ut
1613 775 2101 865 lllaroionis,blanichaeomm,
2125 790 2160 845 et

141 877 241 934 sonat
262 884 330 931 vox
351 861 529 949 Evangelii
551 864 746 948 incorrupta
767 873 802 927 ct
824 883 900 929 cum
916 880 1055 927 cavoce
1077 856 1125 926 ei·
1175 858 1315 926 aliorum
1337 859 1568 927 fanaticorum.
1635 861 1758 935 Quanti
1779 860 1912 929 furores
1933 876 2054 930 nostro
2072 878 2161 933 tem·

139 953 280 1025 ficacem
302 969 382 1016 esse
405 947 565 1035 Spiritum
582 959 743 1014 sanctina.
1174 967 1258 1096 pore
1280 948 1312 1011 in
1336 945 1447 1013 nrultis
1470 947 1702 1032 Anabaptistis
1727 950 1898 1035 conspecti
1919 961 2008 1016 sunt
2052 954 2087 1016 ln
2111 962 2161 1017 ta·
2237 954 2242 963 '

1189 1034 1264 1099 ibus
1298 1036 1451 1099 omnibus
1485 1046 1576 1099 tenet
1608 1033 1773 1101 Diabolus
1802 1036 1952 1124 captivas
1974 1048 2104 1103 mentes
2126 1049 2161 1104 et

225 1123 321 1189 llaec
343 1131 415 1187 tota
439 1120 591 1186 doctrina
612 1121 655 1186 de
677 1118 789 1201 Patre,
822 1117 920 1199 Filio,
945 1131 977 1185 et
999 1117 1125 1205 Spiritu
1176 1121 1309 1205 captiva
1328 1122 1443 1200 corda,
1467 1120 1698 1186 sicuttleluda
1711 1123 1835 1191 dictum
1855 1132 1926 1191 est:
1948 1122 2094 1189 Satanas
2112 1125 2161 1189 in·

140 1223 271 1289 sancto,
290 1207 439 1295 quotidie
461 1208 716 1274 ininvocatione
735 1226 777 1271 co
802 1206 914 1272 ‘tanda
936 1218 1001 1284 est,
1022 1218 1056 1271 et
1077 1207 1124 1272 di·
1175 1206 1272 1272 travit
1295 1205 1330 1270 in
1352 1229 1437 1273 eunt.

139 1297 329 1363 scemenda
361 1294 533 1359 luvocatio
557 1314 638 1360 vera
668 1295 712 1359 ab
734 1292 763 1358 E
801 1293 878 1359 nica
899 1305 933 1357 et
955 1293 1124 1358 blahome·

140 1385 226 1462 tica,
259 1381 474 1469 cogitandum
496 1399 595 1465 quem
617 1377 728 1446 Deum
750 1392 785 1446 et
806 1380 974 1485 quomodo
997 1378 1153 1493 pateis-p
1262 1377 1356 1444 Haeo
1387 1376 1476 1445 mala
1498 1390 1621 1466 quarrta
1643 1379 1764 1444 sintin
1789 1377 1948 1464 exemplis
1970 1381 2158 1469 insignibus

140 1481 231 1537 ctum
252 1465 474 1554 alloquamur,
508 1467 596 1531 sicut
628 1485 732 1552 saepe
765 1466 904 1531 dicnnus
938 1465 1154 1535 invocatio-rt
1177 1465 1420 1544 consideretur,
1453 1477 1489 1530 ut
1522 1465 1705 1550 cogitemus
1739 1467 1899 1531 unanimae
1922 1487 2045 1533 causas
2068 1490 2158 1551 esse,

139 1577 216 1623 nem
226 1575 340 1623 veram
353 1553 606 1618 discernendam
628 1571 708 1619 esse
720 1554 762 1619 ab
776 1551 931 1632 Etlrnioa,
956 1550 1126 1617 Mabome·
1150 1554 1154 1633 j
1177 1564 1313 1636 propter
1336 1572 1421 1639 quas
1445 1550 1536 1616 Deus
1558 1553 1719 1617 irrrruensa
1743 1555 1890 1619 bonitate
1919 1550 2160 1638 Filiummisit,

140 1644 218 1722 tica,
250 1640 432 1726 Papistica,
465 1640 668 1726 cogitatione
700 1640 868 1706 essentiae
890 1647 924 1703 et
947 1635 1127 1704 voluntatis
1151 1638 1155 1690 l
1178 1650 1212 1702 et
1234 1638 1338 1705 donat
1359 1638 1515 1723 Spiritum
1539 1650 1702 1718 sanetum,
1726 1652 1762 1704 ut
1783 1638 1850 1703 scri
1876 1653 1944 1705 tum
1967 1654 2030 1722 est,
2055 1642 2084 1707 l.
2107 1642 2158 1708 lo·

139 1727 216 1794 Det.
1151 1703 1256 1861 illan.
1278 1724 1310 1790 3.
1377 1724 1430 1789 Ad
1459 1726 1531 1790 boe
1552 1729 1704 1810 apparuit
1729 1723 1830 1790 Filius
1886 1728 1927 1806 ei,
1950 1737 1986 1791 ut
2007 1728 2158 1795 destruat
2279 1748 2282 1753 '

872 1868 883 1877 .
1178 1830 1283 1895 opera
1293 1808 1439 1889 Diaboli,
1461 1833 1547 1897 quae
1569 1814 1731 1876 sententia
1752 1831 1891 1895 prorsus
1914 1833 1977 1876 con
2004 1816 2067 1879 ruit
2084 1835 2160 1881 cum

224 1896 481 1965 Mahometistae
502 1898 631 1965 etiamsi
654 1899 803 1985 cogitant
813 1919 915 1963 uuum
926 1917 1006 1963 esse
1016 1895 1127 1963 Deum
1150 1868 1155 1947 l
1176 1898 1282 1980 prirua
1302 1899 1541 1983 promissione:
1566 1898 1686 1963 Samen
1710 1894 1854 1963 mulieris
1871 1918 1957 1964 oona
1994 1901 2081 1966 cubit
2103 1922 2160 1969 cu·

141 1995 337 2064 mentorem,
360 1996 472 2050 tamen
494 2006 561 2051 non
583 1982 701 2051 volunt
720 1984 811 2050 hunc
833 2000 911 2049 esse
923 1981 1045 2063 Deum,
1069 1982 1154 2071 qui'
1201 1996 1235 2047 ut
1258 1986 1433 2069 serpentis.
1488 1982 1640 2048 Destruit
1667 1997 1779 2049 autem
1800 1985 1919 2050 merito
1942 1995 1974 2050 et
1996 1985 2159 2053 efficacia·

140 2082 194 2136 est
215 2084 311 2155 pater
321 2069 456 2137 Domini
477 2073 584 2136 nostri
602 2070 679 2137 lesu
691 2068 826 2149 Christi,
847 2090 955 2135 neca
982 2081 1125 2135 noscunt
1150 2058 1154 2127 l
1175 2006 1276 2134 lilius
1310 2082 1454 2135 meretur·
1477 2072 1573 2134 nobis
1598 2071 1825 2135 renrissionem
1846 2082 2074 2155 peccatorum,
2107 2093 2160 2139 re·

103 2207 108 2217 .
140 2155 285 2237 Patrem,
319 2154 437 2223 Filium
469 2167 503 2221 et
536 2157 694 2223 Siritum
721 2169 885 2223 sanctum.
948 2092 1125 2222 ttlaniseste
1150 2134 1377 2222 istitutionem
1400 2158 1543 2221 iustitiae
1566 2158 1890 2238 etvitaeaetemae,
1912 2168 1946 2223 et
1968 2157 2079 2225 omnia
2101 2160 2159 2223 bo·

140 2254 251 2309 autem
273 2241 433 2328 scriptum
455 2254 525 2309 est:
582 2244 615 2308 ui
637 2263 704 2309 non
724 2242 871 2308 honorat
892 2240 1022 2321 Filium,
1055 2263 1124 2308 non
1173 2263 1230 2321 na,
1262 2262 1349 2327 quac
1382 2244 1592 2308 continentur
1623 2234 1658 2306 in
1697 2243 1895 2310 remissione
1925 2254 1961 2310 et
1993 2241 2159 2311 deletione

139 2328 445 2395 bonoratl'atrem.
489 2329 586 2395 ltemr
606 2328 713 2395 Nemo
735 2328 825 2394 venit
854 2329 897 2393 ad
920 2327 1055 2395 Patrem
1076 2329 1123 2394 ni·
1174 2343 1401 2412 peccatorum.

139 2417 168 2480 si
191 2436 252 2499 per
268 2412 397 2484 Filium.
440 2420 537 2482 ltern:
557 2414 622 2490 Qui
644 2436 712 2481 non
735 2415 842 2481 credit
862 2415 897 2480 in
917 2412 1036 2480 Filium
1058 2415 1123 2481 iarn

136 2501 301 2567 iudicatus
326 2514 390 2568 est
445 2499 657 2587 Impossibile
680 2514 733 2568 est
754 2502 855 2589 igitur
876 2501 1122 2567 invocationem
1260 2497 1362 2567 Simul
1384 2500 1482 2565 etiarn
1506 2499 1691 2564 immediate
1715 2495 1839 2566 eiiieax
1867 2512 1933 2581 est,
1955 2498 2158 2586 proterendo
2196 2528 2200 2535 *

137 2584 315 2654 Ethnicam
337 2599 370 2655 et
389 2588 646 2656 Mahometicam
666 2586 743 2656 Deo
764 2586 911 2673 placere.
1174 2582 1394 2674 Evangeliurn
1417 2588 1555 2675 exslnu
1579 2587 1704 2650 aeterni
1730 2584 1837 2653 Patris
1868 2598 1903 2652 et
1924 2587 2158 2655 conservando

484 2732 490 2747 ‚
912 2678 917 2690 '
1060 2678 1069 2693 ‘
1172 2672 1400 2751 ministerium,
1422 2674 1453 2737 in
1477 2693 1543 2758 quo
1566 2673 1639 2756 ipse
1661 2673 1760 2737 ducet
1783 2684 1929 2747 mentes,
1957 2686 1991 2739 et
2012 2674 2160 2741 ostendit

58 2825 61 2829 4
224 2758 356 2827 Deinde
379 2758 533 2829 differunt
553 2758 697 2841 Etlrniei,
724 2756 981 2825 blahometistae
1003 2771 1036 2824 et
1059 2755 1123 2823 Pa·
1174 2755 1318 2837 Patrem,
1339 2773 1371 2823 et
1393 2781 1479 2845 quae
1502 2754 1713 2823 sitvoluutas
1735 2760 1820 2836 eius,
1843 2762 1977 2846 etquod
2000 2762 2044 2826 sit
2062 2781 2159 2846 prae·

137 2847 246 2933 pistae
279 2867 301 2912 a
334 2866 415 2913 vera
450 2844 617 2926 Ecclesia,
650 2847 729 2932 quia
745 2866 816 2911 non
837 2856 974 2925 norunt,
1013 2845 1121 2911 Anat
1173 2862 1267 2921 sens,
1289 2860 1319 2909 et
1343 2842 1533 2929 perFiiium
1555 2846 1653 2909 datur
1670 2844 1814 2929 Spiritus
1835 2858 1986 2926 sanctus,
2009 2868 2077 2932 quo
2098 2846 2158 2912 im·

137 2953 243 3019 quare
260 2933 416 2999 exaudiat
436 2930 543 2999 Deus.
566 2929 658 2997 Talis
676 2931 843 3013 invocatio
865 2933 900 2997 in
917 2931 1122 2997 dubitatione
1173 2930 1314 2996 mediate
1348 2932 1451 2996 eorda
1472 2932 1517 2995 arl
1539 2932 1768 2997 assensionem
1792 2930 1891 2997 et'ad
1912 2934 2158 3015 invocationem

136 3018 246 3085 inanis
269 3031 340 3099 est,
373 3021 465 3086 iuxta
486 3020 626 3085 dictum:
658 3016 834 3092 Quomodo
855 3019 1070 3098 invocabunt,
1093 3016 1123 3081 si
1146 2984 1150 3069 l
1173 3015 1354 3083 flectuntur
1376 3030 1408 3083 ct
1430 3015 1662 3097 laetificantur,
1684 3033 1844 3104 reguntur
1863 3019 2158 3101 etconflrmantur,

137 3126 206 3171 uon
229 3106 376 3193 credent.
440 3104 538 3186 ltem,
570 3103 733 3191 Quicquid
755 3105 916 3189 petieritis
946 3106 1122 3171 credentes
1173 3115 1207 3167 et
1228 3106 1373 3211 protegit
1397 3103 1499 3171 iilius
1520 3101 1585 3169 Dei
1608 3107 1822 3185 invocantes,
1856 3117 1889 3171 et
1918 3103 2055 3193 depellit
2077 3106 2159 3171 Dia·

139 3192 321 3278 accipietis,
344 3193 436 3265 Item,
461 3192 563 3257 Orate
586 3192 660 3257 siue
681 3191 731 3256 ira
752 3193 870 3257 etsine
887 3190 1121 3257 haesitatione.
1173 3189 1285 3272 bolos,
1306 3206 1392 3257 srcut
1415 3192 1448 3255 in
1475 3192 1535 3256 uit:
1559 3192 1663 3258 Neruo
1677 3193 1781 3278 rapiet
1803 3212 1886 3258 oves
1908 3214 2001 3259 meas
2025 3214 2067 3259 ex
2089 3213 2157 3258 ma·

140 3277 209 3344 Sed
243 3299 324 3344 vera
356 3275 515 3345 Ecclesia
536 3277 631 3345 novit
651 3277 906 3362 promissionem
934 3277 1122 3364 Evangelii,
1146 3284 1150 3367 l
1173 3275 1272 3343 nibus
1295 3280 1388 3346 meis.
1444 3214 1538 3344 llaec
1560 3280 1707 3344 sciamus
1730 3299 1852 3367 magna
1875 3280 2058 3346 certamina
2079 3298 2158 3345 csse

139 3365 205 3430 scit
226 3361 345 3430 fllium
367 3364 430 3429 Dei
452 3365 527 3429 irleo
550 3364 697 3430 missum·
710 3383 799 3445 esse,
822 3374 858 3429 ut
880 3364 924 3430 sit
944 3362 1042 3431 huius
1065 3365 1121 3429 mi·
1172 3363 1206 3427 in
1228 3362 1392 3430 Ecclesia.

139 3451 233 3516 randi
267 3449 398 3518 consilii
425 3451 558 3516 nuntius
588 3449 684 3515 testis
717 3461 751 3515 et
783 3451 999 3536 obsignator,
1031 3449 1122 3535 quod
1156 3481 1159 3485 ⁴

138 3535 235 3604 Deus
255 3557 336 3604 vere
359 3536 440 3604 velit
452 3558 515 3603 nos
527 3537 691 3624 recipere,
712 3537 880 3615 exaudire,
903 3538 1032 3613 iuvare,
1055 3533 1122 3600 sal·
1259 3533 1370 3602 David
1391 3534 1558 3603 eluctatur
1579 3556 1621 3601 ex
1643 3537 1714 3601 suis
1737 3532 1921 3616 doloribus,
1944 3554 2086 3601 nonsuo
2102 3555 2157 3602 ro·

138 3643 221 3689 vare
253 3624 450 3691 invocantes
479 3621 601 3691 liducia
632 3621 848 3702 Mediaton‘s,
880 3622 967 3688 siout
999 3622 1032 3688 in
1057 3623 1121 3689 ultr
1173 3625 1268 3701 bore,
1300 3624 1363 3689 serl
1395 3623 1473 3709 quia
1496 3620 1597 3687 Filius
1620 3645 1681 3708 per
1708 3642 1827 3688 vocem
1848 3622 2081 3707 promissionis
2105 3632 2158 3688 est

140 3707 306 3862 ngequtd
337 3711 497 3799 petieritis
530 3710 664 3777 Patrem
696 3710 731 3775 in
752 3709 884 3776 nomine
904 3729 998 3789 tneo,
1032 3643 1123 3775 dabit
1173 3706 1295 3860 οίέοιιιι
1315 3721 1348 3775 et
1370 3730 1445 3859 eur}
1464 3707 1621 3789 vivificat,
1644 3721 1676 3774 et
1697 3709 1776 3775 dato
1800 3708 1926 3796 Spiritu
1949 3719 2069 3775 sancto
2090 3705 2158 3777 lae·

140 3817 183 3862 vo
208 3797 251 3861 is.
1173 3797 1198 3861 ti
1224 3808 1279 3862 cat
1300 3810 1334 3862 et
1358 3817 1421 3862 corr
1448 3805 1543 3861 rmat.

226 3964 378 4053 Cumque
409 3965 448 4033 fit
479 3968 647 4035 invocatio
669 3978 779 4035 mente
799 3968 986 4035 intueamur
1006 3987 1123 4052 perso·
1260 3967 1497 4055 Agnoscamus
1529 3967 1630 4055 igitur
1658 3968 1839 4034 bonitatem
1872 3979 1906 4034 et
1932 3968 2157 4057 praesentiam

141 4072 218 4134 nas,
251 4065 285 4119 et
317 4075 358 4118 co
386 4056 503 4121 itemus
535 4056 670 4141 propria
690 4053 855 4122 beneficia
878 4075 1003 4135 aarum
1035 4056 1125 4119 sicut
1173 4052 1238 4119 Dei
1259 4056 1291 4119 in
1315 4052 1481 4131 Ecclesia,
1514 4067 1547 4118 et
1569 4056 1695 4140 gratias
1718 4054 1748 4119 ei
1772 4074 1924 4142 agemus,
1957 4066 1989 4120 et
2011 4055 2156 4119 sciamus

139 4140 237 4206 nobis
269 4077 459 4226 pateldctue
491 4150 581 4220 sunt,
613 4152 647 4207 et
670 4143 817 4208 sciamus
848 4138 948 4210 simul
968 4161 989 4206 a
1011 4139 1124 4221 Patre,
1173 4139 1264 4206 velle
1287 4162 1372 4221 eum,
1395 4151 1432 4205 ut
1454 4157 1605 4225 petanrus
1629 4139 1713 4207 haec
1735 4143 1881 4228 ingentia
1903 4139 2077 4218 beneficia,
2108 4140 2157 4205 vi·

139 4224 224 4292 Fttto
246 4238 280 4292 et
301 4225 426 4312 Spiritu
447 4239 567 4293 sancto
589 4227 660 4293 dari
683 4228 788 4309 bona,
809 4229 870 4295 sed
894 4227 967 4295 dari
987 4238 1123 4311 propter
1174 4225 1294 4292 delicet
1327 4241 1361 4292 ut
1394 4246 1550 4312 regamur
1581 4239 1616 4292 et
1650 4242 1862 4314 protegamur
1894 4248 1956 4313 per
1983 4221 2102 4291 Filium
2125 4235 2158 4290 et

140 4312 359 4378 Mediatorenr
391 4311 521 4392 Filium,
554 4325 588 4380 et
618 4334 680 4400 per
711 4312 831 4381 Filium
859 4314 931 4381 dari
948 4334 1068 4380 vocem
1090 4323 1123 4378 et
1173 4312 1332 4400 Spiritum
1349 4328 1513 4394 sanctum,
1537 4314 1624 4378 sicut.
1645 4316 1805 4399 scriptum
1828 4324 1893 4379 est:
1917 4312 2023 4378 Petite
2047 4324 2080 4377 et
2101 4330 2156 4376 ao·

139 4400 341 4486 agnitionem
364 4397 549 4486 Evangelii,
568 4411 601 4466 et
612 4402 741 4467 ostendi
764 4401 985 4506 praesentiam
1008 4412 1042 4466 et
1064 4420 1123 4466 vo·
1175 4401 1323 4486 cipietisr
1346 4399 1480 4474 Quanto
1500 4401 1607 4487 magis
1631 4399 1732 4465 Pater
1754 4412 1867 4465 vester
1881 4395 2042 4467 coelestis
2064 4396 2157 4465 dablt

139 4480 301 4551 luntatcm
334 4485 454 4567 Patris,
488 4498 522 4552 et
554 4487 605 4552 sic
631 4508 692 4573 per
713 4484 832 4552 Filium
859 4488 932 4552 dari
964 4485 1123 4572 Spiritum
1169 4486 1331 4575 ,Spiritum
1352 4499 1508 4552 sanctum
1528 4488 1729 4572 petentibus.

140 4584 294 4638 sanctum
326 4571 515 4639 flectentem
544 4574 648 4640 corda
680 4584 814 4653 nostra,
842 4584 878 4639 ut
898 4575 1123 4639 assentiantur
2010 4623 2014 4629 .

88 4680 92 4687 ¹
143 4656 342 4746 Evangelio,
364 4671 398 4726 et
420 4658 669 4726 confirmantem
694 4660 926 4726 assensionem
949 4670 982 4726 et
1002 4679 1123 4725 accen·
1259 4657 1374 4744 ltaque
1406 4677 1570 4745 expressa
1601 4678 1687 4722 voce
1705 4657 1908 4731 damnamus
1940 4654 2157 4745 Pelagianos,

139 4744 273 4811 dentem
290 4743 448 4813 laetitiam
466 4743 597 4826 inDeo,
619 4757 653 4811 et
663 4744 873 4814 dilectionem
882 4745 959 4826 Dei,
980 4756 1015 4813 et
1035 4743 1122 4810 alios
1173 4756 1207 4811 et
1228 4764 1357 4824 omnes,
1379 4745 1435 4830 qui
1458 4742 1587 4831 fingunt
1610 4744 1761 4810 homines
1783 4744 1857 4809 sine
1879 4745 1904 4811 S
1928 4744 2004 4810 iritu
2024 4754 2157 4827 sancto,

137 4842 248 4897 motus
271 4828 369 4911 tales,
391 4830 500 4919 qualis
517 4832 591 4918 ipse
613 4843 675 4898 est.
718 4830 1123 4899 scemurensem:
1173 4832 1317 4917 propriis
1351 4832 1476 4897 viribus
1505 4850 1609 4916 posse
1642 4827 1758 4895 iacere
1778 4827 1888 4919 legem
1944 4831 1987 4911 ei,
2021 4841 2055 4895 et
2077 4848 2157 4897 sese

138 4913 429 4983 'l'ransi'ormamur
449 4920 485 4984 in
506 4919 646 4987 mndetn
667 4918 844 5007 imaginem
866 4915 1011 4997 (scilicet
1033 4916 1121 4994 Filii)
1173 4922 1364 5026 gubernare
1386 4927 1419 4981 et
1465 4932 1619 5004 retegere
1641 4930 1706 4983 eto.
1763 4916 1855 4983 llaec
1876 4917 1976 5002 impia
1996 4917 2156 5005 imagina-

139 5010 297 5088 tanquam
319 5025 341 5069 a
363 5003 496 5071 Domini
518 5004 653 5091 Spiritu.
708 5003 802 5085 ltem,
822 5002 999 5073 Effundam
1019 5026 1122 5092 super
1172 5018 1217 5071 tro
1240 5019 1292 5070 est
1313 4940 1484 5070 horubtlts
1506 5003 1724 5110 ingratitudo,
1759 5025 1834 5071 oum
1858 5000 1961 5068 Filius
1989 5001 2053 5070 Dei
2075 5020 2156 5069 sese
2190 5006 2196 5015 '

140 5087 275 5155 domum
291 5087 404 5157 David
424 5090 581 5179 Spiritum
601 5091 730 5181 gratiae
750 5102 783 5159 et
802 5111 951 5180 precum.
1074 5174 1082 5189 '
1143 5036 1270 5177 lnobirt
1302 5091 1500 5172 donaverit,
1531 5090 1674 5179 Spiritus
1707 5103 1847 5159 senune
1879 5090 2067 5178 promissus
2098 5089 2156 5173 att,
