4628 5588
171 185 235 283 rar

110 423 141 457 a
167 372 268 461 impia
300 376 455 459 opinione
478 378 576 440 ctiam
605 375 718 447 ludaei
740 376 952 442 cunnrlabant
973 366 1149 443 sacrificia.

169 461 286 613 ἓξὲξ
307 461 520 581 reprehendit
530 460 623 527 Psoi.
635 464 689 529 tar
705 464 767 529 iras
790 465 1044 548 superstitiosas
1057 463 1148 530 obla·
1173 486 1179 582 p

273 752 279 759 '
363 767 426 834 aa
458 770 720 837 artronum
755 771 957 837 succan.
1173 774 1177 783 ·

254 909 395 993 Propria
408 921 440 973 et
447 909 593 993 simplex
606 912 769 975 sententia
780 909 950 995 praecepti
962 922 1035 989 est,
1050 930 1148 996 quam

167 996 377 1060 recitavimus
412 996 454 1059 de
486 997 719 1061 conservando
742 998 923 1062 rrrinisterio
947 1008 980 1060 et
1002 1016 1148 1063 ceremo-

167 1083 243 1146 niis.
287 1081 356 1147 Sed
377 1078 444 1145 alia
467 1084 629 1166 quaedam
651 1080 815 1168 allegoria
838 1084 976 1148 Sabbati
999 1085 1147 1148 traditur.

167 1167 252 1240 Quia
263 1167 349 1233 enim
363 1167 502 1232 biosaici
515 1171 597 1233 ritus
610 1171 763 1254 abrogati
786 1168 874 1248 sunt,
897 1172 1029 1254 quidam
1048 1188 1148 1254 quae·

166 1264 243 1317 runt
264 1252 551 1340 significationem,
575 1265 607 1318 et
629 1257 720 1318 aiunt
742 1256 924 1321 Sabbatum
949 1274 1026 1318 esse
1048 1275 1147 1319 voca·

165 1339 299 1418 tionem,
334 1361 407 1403 cum
442 1338 596 1404 videlicet
627 1342 769 1425 patimur
800 1342 909 1406 Deum
938 1357 1091 1427 agentern
1114 1341 1148 1404 in

165 1426 274 1502 nobis,
296 1426 371 1489 ideo
394 1426 577 1491 Sabbatum
595 1425 784 1512 intelligunt
807 1430 849 1505 de
859 1427 1026 1512 patientia.
1071 1426 1147 1490 Non

165 1511 317 1596 improbo
331 1511 420 1576 hanc
431 1509 637 1597 allegoriam,
660 1515 720 1578 sed
740 1511 874 1599 longius
897 1515 1061 1577 accersita
1084 1526 1147 1590 est,

165 1608 198 1660 ct
219 1618 285 1661 non
309 1599 409 1660 tiebat
432 1600 614 1663 obscurare
634 1599 772 1665 aiteram
785 1600 980 1663 sententiam
1005 1601 1046 1661 de
1068 1619 1147 1662 con·

165 1685 355 1747 servatione
378 1684 564 1760 ministerii,
587 1706 672 1768 quac
695 1687 826 1770 quidem
849 1683 951 1833 longe
973 1698 1145 1768 praestan-

165 1769 229 1833 tius
253 1789 338 1853 opus
360 1780 422 1847 est,
445 1789 542 1852 quarn
564 1773 731 1853 patientia.
759 1770 891 1834 Deinde
928 1790 968 1832 ex
992 1790 1057 1833 non
1075 1782 1145 1833 tan-

164 1865 233 1919 tum
255 1855 346 1918 iubet
368 1857 552 1940 quiescere,
586 1856 646 1919 sed
669 1856 759 1920 iubet
790 1877 931 1920 vacuum
955 1856 1040 1919 diem
1069 1876 1145 1920 san·
1168 1874 1174 1949 Ι

165 1939 328 2018 ctificarc,
352 1940 416 2004 hoc
436 1953 507 2017 est,
529 1942 689 2026 praecipit
711 1962 815 2024 opera
836 1953 928 2004 certa
950 1943 1143 2005 necessaria

164 2029 206 2091 ad
228 2022 459 2090 illustrandam
483 2037 517 2090 et
538 2028 787 2112 propagandam
811 2024 949 2111 gloriam
962 2025 1037 2090 bat.
1062 2026 1143 2091 Cac-

164 2124 269 2177 terum
291 2108 374 2176 illud
398 2132 512 2175 verum
534 2125 596 2192 est,
620 2113 710 2197 quod
733 2124 885 2177 sanctum
909 2112 1076 2197 signiticat
1097 2109 1143 2176 al·

163 2194 312 2285 legorice
345 2207 468 2262 statum
496 2196 586 2262 ilinm
608 2201 812 2263 instauratae
833 2210 973 2262 naturae
990 2209 1069 2281 post
1090 2218 1142 2262 re·

165 2284 415 2361 surrectionem,
438 2284 469 2345 in
493 2305 560 2368 quo
578 2304 646 2349 non
669 2281 780 2359 solum,
799 2284 982 2348 cessabunt
1004 2281 1140 2349 labores

164 2369 327 2454 corporis,
350 2370 410 2433 sed
434 2371 530 2433 etiam
555 2368 758 2434 calamitates
781 2380 978 2454 etpeccata‚
999 2372 1141 2435 noneri·

161 2475 234 2519 mus
257 2456 410 2538 occupati
434 2452 585 2520 civilibus
609 2455 741 2533 officiis,
775 2475 919 2540 corpora
951 2475 1018 2519 non
1041 2436 1169 2521 edenti

160 2552 219 2605 aut
252 2541 376 2620 bibent,
408 2543 532 2605 erimus
566 2538 659 2606 liberi
683 2563 702 2606 a
724 2544 892 2625 peccatis,
925 2551 959 2604 et
981 2563 1002 2605 a
1021 2555 1140 2622 morte,

160 2624 236 2690 talis
270 2629 364 2711 quies
397 2629 459 2689 erit
490 2622 546 2689 illa
576 2630 662 2691 nova'
690 2630 767 2693 vita.
833 2627 901 2692 Sod
925 2647 991 2691 non
1013 2639 1139 2692 tantum

160 2711 221 2776 erit
243 2714 349 2797 quies,
370 2713 430 2777 sed
453 2713 591 2776 accedet
613 2712 844 2791 sanctificatio,
867 2733 954 2798 quac
977 2723 1029 2777 cst
1043 2735 1139 2798 prae·

159 2798 254 2882 cipua
273 2818 352 2880 pars
376 2799 526 2877 sabbati,
548 2800 625 2884 quia
646 2800 678 2863 in
701 2797 757 2864 illa
780 2801 890 2886 quiete
909 2795 1058 2864 fruemur
1078 2821 1138 2865 no·

159 2885 229 2949 titia
250 2880 326 2964 Dei,
350 2894 382 2948 et
403 2880 664 2969 glorificabimus
688 2885 805 2951 Deum.
861 2884 952 2950 Haec
983 2897 1035 2949 est
1057 2883 1137 2951 alie·

157 2971 252 3056 geria
273 2967 527 3050 vcra-Sabbati,
547 2973 633 3037 sicut
652 2973 752 3038 docet
763 2970 915 3056 Epistola
936 2973 979 3036 ad
992 2971 1137 3038 Hebrae-

157 3076 208 3138 os.
251 3052 295 3121 Et
326 3052 447 3120 Esaias
472 3057 594 3142 inquit:
628 3058 699 3123 Erit
731 3061 908 3124 sabbatum
930 3071 1136 3143 perpetuum.

156 3141 243 3216 Quia
274 3160 357 3207 vero
391 3144 566 3208 sabbatum
594 3143 677 3209 iilud
704 3144 879 3225 inchoatur
900 3166 961 3231 per
982 3145 1135 3233 Evange-

156 3226 252 3308 lium,
294 3228 367 3293 ideo
391 3230 488 3294 etiam
517 3226 680 3315 allegoria
701 3233 832 3295 s'abbati
865 3228 1065 3297 transfertur
1092 3234 1135 3297 ad

156 3324 286 3400 tempus
308 3311 444 3380 revelati
466 3313 660 3402 Evangelii,
694 3318 728 3380 in
751 3315 802 3381 bis
826 3318 923 3381 etiam
945 3317 1135 3383 inchoatum

156 3415 208 3466 est
237 3402 431 3480 sabbatum,
466 3401 499 3466 in
523 3404 644 3487 quibus
666 3402 822 3467 inclroata
840 3414 890 3467 est
911 3399 970 3467 iila
992 3424 1081 3468 nova
1103 3414 1136 3469 et

55 3496 66 3505 “
155 3498 290 3552 aeterna
311 3487 390 3553 vita.
434 3486 506 3551 Nec
527 3485 651 3553 inutilis
674 3501 727 3554 est
749 3484 884 3553 collatio
910 3490 1134 3568 considerare,

155 3574 244 3660 quod
266 3573 406 3639 Sabbati
429 3594 515 3659 opus
537 3575 710 3640 adumbret
734 3586 831 3639 vrtam
854 3586 1032 3640 aeternam.
1062 3575 1134 3639 Mo·

154 3672 211 3724 net
243 3660 329 3724 enim
357 3661 391 3723 in
413 3661 481 3724 vita
502 3670 639 3725 aeterna
660 3682 726 3726 non
750 3659 857 3725 solum
904 3661 1024 3724 uietem
1048 3659 1133 3725 futu·

154 3764 336 3824 ramesse,
360 3743 543 3809 sedtalcm
589 3749 727 3826 dietam,
760 3748 883 3831 inqua
925 3748 1052 3810 omines
1074 3767 1133 3810 no·

156 3832 224 3894 titia
248 3831 309 3894 Dei
332 3828 493 3908 truantur,
516 3843 549 3896 et
605 3854 679 3898 cum
709 3816 952 3919 glorificabunt.
1008 3831 1075 3897 Sed
1097 3843 1134 3896 ut

153 3913 326 4008 Allcgoria
355 3918 397 3981 ad
421 3914 563 3982 futuram
586 3922 685 3984 vitam
707 3920 860 4003 pertinet,
883 3920 928 3983 ita
951 3919 1132 3982 memineri-

152 4023 226 4067 mus
248 4005 280 4068 in
303 3999 370 4067 lrac
392 4003 477 4082 vita,
513 4024 597 4086 opus
624 4025 702 4068 esse
731 4004 796 4069 boc
818 4015 957 4069 externo
979 4006 1132 4084 sabbato,

152 4085 308 4155 videlicet
328 4089 510 4152 ministerio
537 4091 630 4155 verbi
648 4090 711 4155 Dei
734 4102 768 4155 et
785 4093 1057 4156 ceremoniarum.
1098 4091 1132 4156 ld

151 4195 241 4239 nunc
263 4170 510 4260 intelligendum
534 4188 587 4239 cst
604 4191 637 4242 et
658 4179 892 4260 praestandum
924 4178 1010 4241 omni
1040 4196 1132 4255 cura,

151 4269 189 4326 ut
210 4260 420 4339 obediamuS,
455 4278 487 4324 et
506 4258 561 4324 illa
584 4284 711 4327 summa
734 4262 895 4328 beneficia
916 4262 979 4326 Dci
1001 4261 1131 4330 seilicet

152 4347 365 4419 ministerium
388 4348 481 4412 verbi
503 4360 536 4412 et
555 4348 761 4414 ceremonias
772 4347 1008 4436 intelligamus,
1032 4369 1132 4415 vene·

152 4452 263 4500 remur
285 4444 318 4498 et
339 4454 588 4500 conservemus.

181 4652 269 4780 'oa
300 4648 607 4801 donaro
644 4622 1100 4793 pervenero,

197 4917 307 5023 Quid
337 4922 532 5033 praecipit
563 4937 749 5031 quartum
784 4922 1078 5032 Praeceptum?

238 5100 401 5204 Praecipit
424 5115 458 5171 ut
479 5115 617 5191 propter
637 5101 748 5167 Deum
770 5101 969 5169 obediamus
987 5106 1130 5188 parenti·
1152 5102 1158 5175 i

885 186 939 256 ili.
961 185 1237 255 casselensis
1264 188 1475 257 ruamus.

2122 203 2185 272 138

1203 380 1278 458 bus,
1301 381 1560 464 magistratibus,
1596 382 1790 448 doctoribus¹
1814 396 1846 449 et
1868 389 2028 467 caeteris,
2062 392 2182 476 qudam

1202 476 1360 548 parentes
1381 486 1476 530 suam
1500 468 1606 532 vicem
1628 471 1873 535 commiserunt.
1917 473 2061 538 Primum
2073 490 2183 546 autern

1202 551 1351 614 ordinem
1385 552 1572 617 considera.
1638 551 1735 618 Prior
1764 555 1878 621 tabula
1911 563 2044 626 tradidit
2066 584 2182 648 opera,

1201 638 1323 721 quibus
1346 655 1420 701 cunr
1442 636 1517 703 Deo
1539 642 1673 723 proprie
1695 642 1825 728 agimus
1859 655 1892 707 et
1924 667 2010 731 quae
2035 660 2112 713 sunt
2133 653 2182 715 in·

1201 725 1316 787 stituta
1354 723 1398 786 ad
1429 726 1651 810 spargendam
1684 740 1716 791 et
1751 732 1999 816 propagandam
2034 737 2182 801 notitiam

1200 807 1276 888 Dei.
1305 808 1459 874 Secunda
1481 809 1594 877 tabula
1612 816 1758 878 continet
1776 816 1898 895 officia,
1922 839 2008 903 quae
2030 822 2182 888 serviunt

1200 896 1362 977 proximo,
1385 907 1418 959 et
1428 895 1507 961 huic
1523 900 1676 962 societati
1691 899 1859 977 bominmn
1875 907 2067 969 necessaria
2090 918 2179 988 sunt,

1200 982 1233 1045 in
1256 1002 1321 1068 qua
1343 994 1475 1129 oportet
1497 985 1639 1048 existere
1708 987 1914 1052 bernatores.
1938 990 2017 1055 ideo
2039 993 2181 1075 primum

1200 1068 1349 1133 sancitur
1383 1087 1425 1133 ex
1447 1070 1488 1133 de
1511 1072 1708 1135 obedientia.
1752 1072 1892 1157 Oportet
1910 1087 1942 1140 et
1964 1080 2077 1155 vitam,
2100 1099 2179 1143 con·
2248 1134 2256 1141 .

1199 1154 1298 1237 iugia,
1333 1174 1387 1218 res
1410 1154 1553 1233 delendi,
1588 1169 1867 1223 essecontractus
1891 1172 1922 1225 et
1946 1162 2076 1227 indicia.
2101 1164 2178 1228 ideo

1198 1240 1366 1304 adduntur
1407 1252 1540 1305 caetera
1578 1256 1775 1329 praecepta:
1804 1244 1879 1312 Non
1912 1248 2067 1328 occides,
2101 1250 2178 1313 Non

1198 1325 1441 1404 moechaberis,
1464 1338 1528 1392 etc.

1228 1654 1383 1741 Suntne
1425 1626 1547 1770 opera
1585 1663 1789 1862 scclrpndpe
1819 1665 1984 1747 tabulae
2016 1668 2146 1749 cultus

1684 1811 1719 1862 et

1282 1990 1416 2077 Duplex
1438 1994 1625 2060 obedientia
1647 2009 1700 2059 est
1722 1999 1864 2061 omnium
1899 2001 2106 2084 sequentium
2128 1998 2175 2067 ie·

1194 2098 1288 2161 gum,
1315 2079 1416 2162 impia
1442 2091 1476 2143 et
1496 2081 1562 2162 pir..
1608 2081 1708 2164 impia
1729 2094 1800 2161 est,
1835 2105 1910 2148 cum
1927 2083 2078 2149 homines
2101 2089 2174 2153 sine

1194 2164 1312 2229 timore
1322 2163 1396 2241 Dei,
1419 2166 1492 2228 sine
1503 2167 1671 2250 agnitione
1691 2165 1815 2233 Christi
1835 2180 1868 2233 et
1889 2190 1969 2234 vera
1991 2171 2058 2237 fide
2079 2193 2175 2255 prae-

1193 2261 1283 2312 stant
1317 2261 1454 2314 externa
1488 2248 1616 2327 ofiiria,
1650 2272 1736 2337 quae
1758 2250 1854 2340 leges
1877 2256 2089 2340 imperiorum
2112 2257 2173 2323 iro·

1193 2346 1309 2400 nestae
1341 2336 1383 2400 ila
1410 2337 1507 2414 tarn,
1536 2350 1572 2402 ut
1599 2339 1828 2422 obtemperent
1855 2338 1985 2425 legibus
2005 2345 2174 2409 civitatum

1192 2440 1337 2487 suarum.
1409 2420 1490 2501 lato,
1514 2423 1728 2503 Aristoteles,
1750 2425 1943 2505 Marcellus,
1974 2426 2093 2493 Cicero
2116 2440 2174 2495 aut
2216 2480 2224 2489 ,

1191 2506 1328 2572 similes.
1373 2507 1465 2575 Haec
1488 2510 1685 2588 obedientia,
1708 2514 1771 2575 etsi
1792 2513 1986 2596 disciplinae
2017 2536 2173 2579 necessa·

1191 2615 1241 2659 na
1263 2606 1326 2671 est,
1360 2607 1469 2658 tamen
1493 2596 1637 2660 nondum
1671 2610 1723 2661 est
1745 2599 1913 2665 inchoatio
1932 2603 2102 2684 praecepti
2124 2600 2171 2667 di·

1190 2680 1270 2759 vmi,
1292 2700 1355 2745 nec
1374 2692 1426 2745 cst
1444 2679 1553 2747 cultus
1575 2680 1650 2746 Dei.

1276 2832 1352 2900 Alia
1379 2848 1431 2923 est
1459 2836 1512 2919 pia
1540 2837 1729 2901 obedientia
1755 2836 1911 2921 politica,
1943 2858 2005 2903 seu
2026 2839 2171 2903 exterior

1188 2940 1250 2985 seu
1272 2922 1419 3000 interior,
1442 2942 1516 2985 cum
1533 2922 1688 2987 videlicet
1710 2921 1812 2988 intelli
1861 2934 1896 2987 rrt
1916 2924 1973 3008 pii,
1997 2945 2038 2989 se
2059 2924 2171 2990 divina

1187 3027 1272 3073 voce
1289 3007 1459 3072 subiectos
1471 3010 1752 3091 esseparentibus
1775 3023 1809 3074 et
1835 3010 1976 3097 egitimis
1994 3012 2170 3098 magistra·

1187 3093 1275 3158 tibus
1299 3115 1339 3158 ac
1361 3094 1566 3159 doctoribus.
1633 3094 1749 3179 ltaque
1770 3097 1898 3163 addunt
1919 3097 2069 3161 timorem
2091 3094 2171 3177 Dei,

1187 3182 1417 3264 obtemperant
1447 3191 1583 3265 propter
1616 3177 1738 3259 Deum,
1771 3194 1805 3246 et
1836 3195 2029 3269 agnoscunt
2051 3178 2171 3248 Filium

1186 3266 1250 3331 Dei
1283 3262 1503 3344 salvatorem,
1538 3277 1571 3330 et
1604 3265 1670 3332 lide
1702 3278 1849 3333 statuunt
1881 3280 2019 3353 propter
2050 3265 2170 3333 Filium
2286 3268 2289 3273 ’

1184 3350 1250 3416 Dei
1277 3350 1413 3436 placere
1441 3351 1631 3417 inchoatam
1661 3353 1891 3419 obedientiam.
1959 3351 2094 3417 Dictum
2117 3362 2169 3418 est

1184 3450 1293 3503 autem
1315 3458 1429 3523 supra,
1452 3440 1560 3501 omnia
1582 3452 1761 3523 praecepta
1783 3443 1827 3504 ad
1848 3442 1988 3521 primum
2016 3458 2093 3502 esse
2116 3457 2168 3503 re·

1183 3522 1333 3588 terenda.
1388 3523 1445 3588 Sic
1467 3522 1547 3587 fiunt
1566 3545 1668 3607 opera
1682 3522 1827 3608 'politica
1849 3522 1960 3588 cultus
1982 3520 2059 3600 Dei,
2091 3544 2167 3589 cum

1184 3610 1349 3674 accedunt
1369 3610 1467 3674 timor
1489 3607 1563 3687 Dei,
1586 3621 1618 3674 ct
1639 3610 1765 3696 agnitio
1790 3607 1862 3672 Filii
1886 3608 1951 3674 Dei
1977 3605 2165 3673 Salvatoris

1184 3696 1300 3773 nostri,
1323 3706 1355 3759 et
1377 3694 1478 3772 fides,
1513 3691 1660 3778 Cumque
1688 3694 1877 3759 reseruntur
1897 3690 2034 3778 politica
2056 3691 2168 3761 officia

1182 3781 1225 3845 ad
1248 3779 1389 3865 gloriam
1409 3778 1485 3856 Dei,
1507 3776 1574 3842 hoc
1594 3792 1655 3857 est,
1680 3791 1714 3844 ut
1731 3779 1807 3845 Deo
1826 3780 2035 3857 obediamus,
2058 3790 2091 3843 et
2112 3780 2166 3845 iris

1183 3864 1302 3932 officiis
1326 3866 1397 3929 eius
1422 3861 1563 3951 gloriam
1586 3884 1753 3943 ornemus,
1776 3887 1817 3931 ae
1840 3866 1989 3930 notitiam
2001 3886 2165 3951 propage·

1182 3973 1257 4018 mus
1278 3962 1335 4017 aut
1356 3969 1605 4016 conservemus.
1878 3954 1892 3967 ⁹

1203 4094 1208 4107 ·
1268 4070 1360 4135 ilaec
1392 4069 1510 4156 regula
1542 4070 1580 4135 fit
1601 4067 1762 4136 illustrior
1782 4072 1966 4156 propositis
1988 4068 2162 4154 exemplis.

1183 4156 1295 4240 Scipio
1319 4167 1352 4221 et
1374 4156 1484 4221 David
1551 4171 1626 4223 runt
1648 4177 1703 4222 res
1721 4156 1865 4236 similes,
1886 4169 2029 4240 uterque
2051 4154 2163 4220 deien-

1182 4245 1228 4308 dit
1250 4264 1344 4308 suam
1367 4241 1517 4327 Rempub
1532 4244 1618 4307 icam
1640 4246 1762 4328 ingenti
1785 4244 1917 4320 virtute,
1948 4255 1982 4305 et
2015 4239 2161 4305 clarissi-

1182 4331 1243 4393 mis
1266 4332 1428 4395 victoriis.
1472 4330 1580 4394 Porro
1603 4330 1717 4413 Scipio
1740 4349 1805 4393 non
1830 4326 1931 4391 habet.
1952 4326 2041 4389 bunc
2063 4325 2162 4390 tinem

1181 4419 1397 4500 propositum,
1420 4426 1456 4479 ut
1468 4417 1620 4481 doctrina
1632 4417 1672 4479 de
1684 4415 1758 4480 Deo
1777 4422 1981 4498 propagetur
2003 4424 2061 4476 aut
2083 4432 2162 4483 corr·

1182 4513 1344 4580 servetur,
1368 4522 1434 4565 non
1457 4498 1558 4566 refert
1580 4520 1660 4564 suas
1683 4501 1841 4565 victorias
1865 4499 1907 4561 ad
1930 4495 2161 4562 illustrandam

1181 4587 1323 4674 gloriam
1356 4587 1429 4651 Dei.
1485 4587 1552 4652 Sed
1579 4585 1689 4650 David
1714 4586 1787 4648 ideo
1816 4584 1958 4666 suscipit
1981 4583 2161 4648 certamina

1180 4685 1214 4737 et
1235 4670 1382 4749 laborer,
1407 4683 1442 4737 ut
1464 4670 1603 4736 defensa
1625 4673 1733 4757 patria
1756 4681 1976 4735 conservetur
1999 4689 2079 4734 vera
2102 4669 2160 4733 do·

1181 4761 1285 4823 ctrina
1308 4761 1350 4823 de
1372 4758 1458 4836 Deo,
1480 4780 1522 4823 ac
1542 4769 1756 4844 propagetur.
1785 4757 1833 4819 lta
1855 4757 1908 4818 sin
1936 4751 2065 4818 ulornm
2086 4750 2160 4818 offi-

1180 4845 1231 4909 cia
1253 4846 1286 4909 in
1310 4858 1379 4909 tota
1402 4847 1490 4911 vitae
1512 4847 1671 4908 societate
1699 4845 1885 4907 intueantur
1948 4861 2033 4904 eum.
2073 4839 2160 4912 Quia

1181 4929 1266 4994 banc
1298 4933 1405 5014 ipsam
1438 4934 1481 4994 ob
1517 4950 1649 4994 causam
1677 4930 1720 4992 ad
1744 4930 1934 5011 societatem
1958 4926 2079 4988 conditi
2103 4944 2158 4988 su·

1180 5038 1266 5095 mus,
1288 5029 1324 5083 ut
1347 5014 1401 5081 alii
1424 5015 1568 5081 aliosde
1591 5015 1677 5091 Deo,
1699 5027 1731 5079 et
1756 5017 1917 5079 derebus
1943 5009 2158 5093 borristdoce-

1179 5114 1247 5167 ant.
1314 5103 1456 5187 ideoque
1483 5101 1578 5167 Deus
1605 5111 1672 5163 ttnn
1701 5102 1802 5166 variis
1824 5094 1966 5164 vinculis
1984 5108 2017 5160 et
2038 5090 2157 5159 officiis
