4628 5588
60 163 67 176 ¹
125 144 193 223 bib
227 163 230 167 ’
486 162 490 169 ·
732 141 847 210 Pllllt.
867 140 971 208 mm.
992 140 1182 210 semma
1202 139 1483 211 boemanos
1535 146 1560 169 χ
1965 201 1969 206 .
2078 136 2147 207 lilii

111 344 230 400 tatem
248 345 282 399 et
303 352 484 419 personam
504 333 659 413 missam,
688 332 855 400 iudanon
938 333 1043 412 uitur,
1075 333 1110 398 in
1161 343 1216 398 tur
1237 327 1341 425 Filius
1358 330 1513 398 'Verbum
1530 326 1636 412 vitae,
1669 330 1749 416 quia
1768 329 1893 396 missus
1920 337 1989 409 est,
2020 337 2058 395 ut
2078 345 2144 395 rrott

128 440 275 505 persona
296 421 400 485 missa
422 441 489 485 non
512 440 589 485 esse
610 421 695 485 duas
716 432 868 485 naturas.
945 440 987 484 ac
1009 420 1110 506 igitur
1161 417 1319 485 vivificet.

130 506 354 572 Gramnratica
377 506 520 593 Syntaxi
547 516 638 572 utor:
683 505 776 571 llaec
797 516 851 571 est
872 505 940 571 vita
960 516 1110 589 aeterna,

127 605 163 657 ut
185 604 395 680 cognoscant
417 605 450 658 te
472 591 581 669 solum
601 613 716 658 verum
730 591 837 657 Deum
860 612 948 671 esse,
965 604 999 657 te
1021 587 1109 657 scili·

129 691 183 744 cet
205 681 404 758 mittentem,
438 692 471 744 et
496 676 585 745 hunc
613 677 738 758 lesum,
771 699 868 765 quern
890 679 1009 743 misisti
1031 699 1110 743 esse

127 761 298 845 blesstam,
320 764 552 844 mediatorem,
575 764 820 845 Redemtorom,
843 762 1108 845 etsalvatorem,
1192 749 1470 854 SEQUITUR
1514 744 1879 835 VOCABULUM
1907 744 2112 833 IMAGO.

128 848 340 939 colligentem
360 849 557 917 Ecclesiam.

1249 1015 1458 1085 Vocabulum
1480 1008 1627 1083 erlGO
1649 1028 1740 1084 extat
1750 1017 1784 1082 in
1794 1012 1947 1104 Epistola
1958 1017 2000 1082 ad
2017 1014 2143 1081 Ebrae·

551 1150 555 1159 -
805 1164 809 1172 .
882 1112 890 1121 '
1161 1126 1213 1178 os,
1236 1109 1292 1171 ubi
1315 1107 1452 1171 dieitur:
1486 1102 1609 1183 Filius,
1631 1124 1691 1190 per
1712 1124 1810 1191 quem
1832 1101 1949 1168 secula
1970 1101 2068 1183 fecit,
2091 1112 2144 1168 est

147 1183 222 1267 DE
252 1181 781 1270 APPELLATIONJBUS
812 1184 942 1268 FILII
971 1182 1078 1266 DEI,
1162 1188 1322 1278 splendor
1342 1190 1429 1257 lueis
1452 1203 1486 1257 et
1507 1192 1619 1277 imago
1642 1190 1849 1257 substantiae
1871 1189 1998 1255 aeterni
2019 1187 2142 1255 Patris.

1161 1279 1225 1343 Hic
1246 1276 1344 1346 locus
1366 1292 1400 1344 et
1423 1279 1465 1343 de
1486 1278 1599 1343 diviua
1615 1287 1734 1342 natura
1761 1278 1795 1343 in
1816 1274 1953 1341 Christo
1976 1285 2030 1342 est
2050 1277 2143 1341 testi·

145 1416 158 1429 .
567 1444 569 1448 μ
857 1420 860 1425 .
1162 1365 1324 1444 monium,
1358 1366 1434 1450 quia
1456 1383 1619 1450 expresse
1640 1362 1771 1443 dieitur,
1794 1363 1951 1428 mundum
1971 1383 2033 1448 per
2053 1360 2144 1427 hunc

212 1451 311 1536 Apud
322 1452 569 1519 Nazianzenum
590 1453 625 1518 in
635 1449 701 1521 tine
712 1454 880 1518 secundae
895 1451 1057 1517 orationis
1068 1452 1110 1517 de
1159 1442 1279 1522 Filium
1302 1451 1469 1516 conditum
1491 1469 1581 1529 esse,
1604 1459 1638 1515 et
1657 1469 1718 1536 per
1739 1470 1814 1516 erum
1836 1447 2043 1514 conservari.
2066 1448 2145 1514 Non

126 1536 194 1604 filio
216 1538 280 1604 Dei
304 1552 395 1603 extat
414 1541 527 1604 brevis
549 1536 731 1604 declaratio
754 1535 1024 1625 appellationum.
1058 1537 1110 1601 Fi·
1162 1547 1216 1601 est
1237 1548 1346 1602 autem
1369 1538 1523 1602 conditus
1545 1537 1688 1601 mundus
1710 1556 1771 1622 per
1791 1536 1969 1602 humanam
1980 1546 2143 1614 natumm,
2168 1548 2172 1553 '

126 1622 191 1688 lius
225 1626 414 1712 unigenitus
448 1626 582 1705 dicitur,
614 1636 651 1689 ut
674 1625 906 1690 discernantur
928 1646 949 1689 a
972 1622 1108 1690 Christo
1161 1620 1222 1688 suit
1254 1624 1354 1710 igitur
1374 1635 1495 1689 natura
1515 1622 1680 1688 conditrix
1702 1632 1736 1688 et
1756 1623 1990 1688 conservatrix
2018 1621 2142 1701 mundi,

98 1754 100 1757 -
126 1710 184 1777 filii
208 1712 407 1794 adoptionis.
441 1710 570 1776 Unicus
592 1721 702 1778 autem
725 1721 777 1776 est
787 1709 888 1795 Filius
907 1712 1109 1796 unigenitus,
1161 1730 1247 1796 quae
1267 1720 1387 1795 postea
1409 1722 1462 1775 est
1482 1710 1516 1774 in
1529 1707 1664 1775 Christo
1685 1720 1765 1775 nato
1783 1730 1826 1774 ex
1847 1708 1989 1795 virgine,
2012 1706 2143 1774 ethauc

126 1800 181 1883 qui
206 1809 258 1862 est
281 1799 322 1861 de
345 1799 490 1862 essentia
501 1795 622 1877 Patris,
643 1795 737 1863 Deus
750 1798 792 1863 de
808 1797 895 1876 Deo,
916 1796 1042 1862 Lumen
1067 1798 1108 1863 de
1160 1798 1309 1861 nominat
1331 1793 1545 1881 splendorem
1568 1792 1708 1882 gloriae,
1729 1794 1844 1879 idest,
1866 1792 1953 1860 lucis
1966 1806 2143 1880 paternae,

9 1958 12 1963 ,
125 1883 276 1951 Lunrirre.
320 1884 387 1949 Sed
412 1885 565 1949 homiues
588 1885 694 1948 renati
717 1884 928 1950 nominantur
949 1880 1006 1948 lilii
1028 1885 1108 1948 ado·
1159 1883 1247 1948 sicut
1270 1879 1466 1969 Symbolum
1496 1883 1615 1969 inquitz
1660 1880 1790 1948 Lumen
1821 1882 1863 1947 de
1894 1880 2046 1947 Lumine.
2090 1880 2144 1945 Ac

125 1971 260 2055 ptionis.
283 1971 360 2054 quia
382 1981 520 2055 propter
536 1971 740 2056 unigenitum
763 1966 956 2057 diliguntur,
980 1972 1037 2056 qui
1058 1967 1107 2035 fa·
1158 1970 1187 2032 s'
1213 1968 1401 2034 nificantius
1418 1968 1486 2033 boc
1507 1967 1639 2034 Graece
1661 1968 1781 2034 dicitur
1802 1965 1999 2050 ἀπαύγασμα,
2021 1968 2056 2034 id
2077 1978 2142 2046 est,

63 2073 71 2082 “
127 2072 201 2122 otus
224 2067 275 2120 ast
297 2053 403 2120 frater
424 2068 540 2121 noster
560 2069 709 2122 assumta
729 2058 873 2122 bumana
901 2070 1037 2135 natura,
1070 2068 1107 2122 ut
1158 2051 1177 2117 f
1208 2076 1271 2142 gor
1292 2077 1313 2120 a
1334 2055 1440 2135 Luce,
1461 2066 1495 2120 et
1516 2066 1569 2120 est
1589 2056 1700 2142 imago
1722 2056 1946 2133 substantiae,
1979 2056 2074 2140 quia,
2106 2062 2144 2119 ut

109 2162 189 2209 ,nos
222 2142 369 2206 vicissim
399 2140 607 2211 efficeremur
638 2141 762 2208 fratres
795 2143 918 2228 ipsius,
950 2140 1107 2209 videlicet
1158 2161 1254 2207 mens
1286 2141 1320 2207 in
1352 2140 1486 2207 bomine
1514 2138 1636 2206 format
1656 2142 1817 2227 imagines
1839 2141 2058 2227 cogitatione,
2091 2140 2144 2205 sic

125 2230 305 2314 participes
339 2230 471 2293 divinae
503 2239 654 2294 naturae.
699 2228 742 2292 Et
764 2239 873 2295 temen
896 2226 960 2294 alia
982 2239 1034 2293 est
1055 2250 1107 2293 es·
1158 2227 1260 2294 Pater
1281 2247 1360 2292 sese
1381 2229 1527 2307 intuens,
1549 2248 1625 2295 oum
1636 2247 1714 2293 sese
1735 2225 1884 2313 perfecte
1896 2224 2071 2314 intelligat,
2094 2227 2143 2311 gi·

83 2319 88 2324 '
125 2316 233 2381 sentia
257 2324 369 2379 creata
391 2313 553 2392 bominis,
575 2325 609 2379 et
630 2311 697 2378 alia
719 2324 770 2381 est
791 2316 971 2380 divinitatis
994 2334 1107 2380 essen·
1159 2315 1231 2401 gnit
1252 2314 1429 2402 imaginem
1451 2334 1565 2394 suam,
1596 2333 1683 2399 quae
1714 2315 1921 2400 quidemast
1940 2313 2052 2398 imago
2074 2332 2142 2378 non

125 2402 293 2554 affluar
315 2399 546 2486 separabiliter
567 2400 675 2466 estin
696 2403 833 2482 renatis,
855 2403 911 2487 qui
933 2412 1107 2466 sunttem·
1157 2419 1387 2550 {vanesceuffi
1419 2402 1480 2466 sed
1513 2401 1725 2481 subsistens,
1770 2419 1861 2487 quae
1894 2410 1947 2466 ast
1979 2397 2143 2481 ὁμοοόαιος

125 2509 148 2572 p
239 2488 280 2553 ei.
691 2532 694 2561 2
1166 2489 1261 2576 latri.

212 2656 345 2723 Dicitur
368 2669 401 2724 et
422 2658 571 2724 ΛΟΓΟΣ
589 2652 715 2723 aeterni
736 2656 858 2723 Patris.
902 2658 976 2724 Hoc
997 2622 1109 2724 decla:
1244 2654 1421 2725 Declarari
1441 2636 1555 2723 autem¹
1572 2659 1684 2745 imago
1706 2668 1740 2723 et
1749 2677 1811 2744 per
1832 2652 1892 2724 illa
1907 2668 2031 2744 potest,
2052 2658 2143 2745 qaod

124 2755 176 2811 rat
198 2757 360 2822 vetustas,
382 2744 443 2823 sic,
466 2755 503 2810 ut
523 2757 648 2811 tantum
670 2743 944 2829 respectuPatris
955 2744 1050 2812 multi
1059 2744 1108 2809 in·
1159 2739 1264 2810 Filius
1286 2744 1330 2810 sit
1352 2742 1466 2833 fulgor
1487 2745 1669 2812 ostendens
1680 2743 1826 2829 Patrem,
1849 2744 1883 2810 id
1906 2756 1975 2822 est,
1996 2764 2145 2830 persona

27 2913 29 2917 ,
125 2829 277 2919 telligant
289 2852 362 2896 eum
375 2832 440 2895 dici
450 2832 547 2913 λόγον,
570 2828 794 2912 videlicetr‘ta,
816 2833 903 2897 siout
924 2832 959 2898 in
971 2831 1109 2907 homini·
1158 2828 1316 2918 loquenS,
1338 2851 1400 2897 seu
1421 2833 1561 2899 verbum
1572 2832 1767 2911 ostendens,
1787 2852 1874 2917 quae
1896 2831 1940 2897 sit
1956 2828 2065 2897 Patris
2087 2851 2143 2897 sa·

62 2972 65 2981 .
125 2921 190 2985 bus
213 2919 353 2983 verbum
384 2919 583 3003 cogitatione
605 2914 783 2998 formatur,
813 2918 903 3004 quod
925 2930 978 2984 est
998 2921 1109 3069 imggp
1159 2917 1293 3005 pientia,
1314 2918 1450 2998 iustitia,
1472 2917 1623 2998 libertas,
1646 2921 1697 2983 ira
1717 2919 1883 2984 adversus
1939 2929 2088 2997 ocatum,
2109 2928 2144 2982 et

124 3005 173 3070 rci
197 3005 384 3089 cogitatae,
416 3015 454 3068 ut
487 3024 562 3069 cum
591 3001 692 3069 homo
716 3006 840 3091 cogitat
861 3008 1019 3085 amicum,
1052 3007 1060 3024 ‘
1159 3005 1389 3069 misericordia
1422 3025 1504 3090 erga
1534 3004 1712 3071 'credentes
1744 3005 1970 3091 promissori,
2002 3016 2035 3070 et
2055 3004 2143 3069 haec

126 3092 328 3176 cogitatione
364 3109 441 3154 rnox
462 3087 584 3154 format
605 3091 782 3176 imaginem
804 3092 893 3156 eius:
937 3091 995 3157 Sic
1017 3092 1110 3156 aiunt
1160 3110 1306 3175 persona
1338 3089 1500 3177 loquens,
1534 3112 1596 3158 seu
1612 3090 1858 3170 boc'verbum,
1878 3092 1924 3156 in
1945 3111 2012 3177 quo
2034 3087 2143 3177 lulgct

125 3178 271 3254 Patrem,
295 3176 350 3258 qni
374 3195 453 3240 sese
470 3172 618 3261 perfecte
640 3173 811 3262 intelligit,
840 3177 978 3263 gignere
995 3179 1108 3262 bnagi·
1161 3177 1322 3260 sapientia
1349 3187 1383 3241 et
1403 3176 1530 3249 iustitia
1546 3178 1664 3244 similis
1686 3176 1796 3258 Patri,
1828 3173 1983 3263 splendet
2014 3177 2049 3243 in
2071 3187 2143 3243 tota

125 3284 202 3329 nent
224 3280 317 3326 suam
342 3282 404 3325 seu
426 3258 536 3347 eloqui
558 3261 707 3341 verbum,
725 3262 814 3347 quod
836 3275 889 3327 est
907 3263 1013 3347 ipsius
1027 3263 1110 3328 inte-
1160 3272 1280 3327 natura
1300 3273 1459 3328 assumta.
1503 3262 1553 3330 lta
1567 3261 1678 3330 -Filitrs
1700 3264 1795 3329 Deus
1817 3275 1851 3329 et
1871 3261 1971 3329 lromo
1994 3263 2142 3329 nomina·

127 3369 189 3437 gra
222 3361 256 3413 et
278 3344 509 3414 substantialis
537 3350 659 3434 imago.
702 3345 867 3414 Differunt
888 3350 975 3414 enim
995 3350 1109 3434 imagi·
1160 3359 1214 3413 tur
1234 3349 1344 3435 imago
1367 3351 1494 3414 aeterni
1515 3349 1627 3416 Patris
1647 3351 1692 3417 ad
1714 3347 1940 3417 colossenses
1963 3362 1998 3416 et
2018 3347 2142 3436 Philip-
2259 3357 2264 3365 “

125 3455 187 3500 nes
209 3437 242 3498 in
262 3436 427 3500 creaturis
449 3437 493 3501 ab
515 3435 581 3502 lrac
602 3435 748 3521 imagine·
768 3435 799 3499 in
823 3435 1006 3516 divinitate,
1030 3437 1107 3523 quia
1203 3454 1296 3516 uses,
1324 3437 1379 3501 ubi
1413 3436 1548 3502 dicitur:
1582 3437 1647 3510 Qui
1669 3459 1745 3504 cum
1766 3450 1859 3502 esset
1878 3439 1914 3501 in
1934 3433 2044 3502 forma
2064 3436 2143 3517 Dei,

9 3600 12 3607 y
124 3523 285 3608 imagines
318 3523 351 3586 in
387 3522 551 3588 creaturis
584 3536 662 3587 sunt
690 3522 827 3588 umbrae
849 3534 1107 3589 evanescentesr
1174 3541 1301 3587 ormam
1322 3523 1413 3588 servi
1434 3525 1577 3608 accepit,
1598 3524 1633 3589 id
1654 3534 1719 3603 est,
1736 3543 1811 3590 cum
1825 3536 1916 3607 esset
1931 3536 2065 3609 potens,
2087 3543 2144 3588 sa·

124 3607 193 3673 Sed
217 3606 321 3674 Filius
344 3608 472 3673 aeterni
494 3608 604 3674 Patris
626 3621 680 3673 est
702 3609 813 3695 image
836 3608 1038 3689 subsistens,
1059 3611 1108 3674 vi·
1159 3609 1267 3693 piens,
1299 3609 1419 3688 iustus,
1452 3607 1563 3689 sortis,
1595 3610 1682 3677 sicut
1704 3609 1816 3690 Pater,
1847 3621 1957 3676 tamen
1974 3631 2042 3676 non
2065 3629 2142 3674 exe·

122 3715 167 3761 va
188 3708 222 3759 et
244 3701 385 3780 integra,
407 3706 442 3761 et
461 3715 601 3761 manens
623 3694 781 3777 ‹ipoodotor
801 3693 905 3774 Patri,
927 3694 970 3761 de
992 3714 1108 3761 essen·
1159 3695 1226 3760 ruit
1243 3715 1338 3760 suam
1359 3698 1541 3780 potentiam
1559 3707 1620 3762 etc.
1665 3695 1709 3761 Et
1729 3696 1761 3760 2
1774 3694 1926 3762 Corinth.
1947 3696 1980 3762 3.
2003 3697 2146 3775 diciturr

123 3782 170 3847 tia
191 3780 313 3847 Patris.
486 3842 489 3846 Α
1160 3780 1236 3846 Nos
1267 3791 1394 3849 retecta
1425 3781 1512 3849 secie
1541 3780 1682 3869 gloriam
1713 3781 1779 3848 Dei
1808 3784 1987 3863 intuentes,
2021 3783 2142 3863 idest,

1160 3865 1310 3933 Verbum
1343 3863 1462 3933 lucens
1495 3870 1528 3934 in
1560 3870 1671 3948 nobis,
1702 3870 1736 3933 in
1764 3890 1830 3956 quo
1861 3869 1895 3935 in
1918 3870 2142 3936 conversione

211 3951 304 4018 llaec
338 3948 522 4017 declaratio
565 3963 658 4019 recte
691 3955 831 4020 sumitur
864 3972 905 4019 ex
940 3950 1107 4020 vocabulo
1159 3955 1325 4019 cernimus
1346 3947 1456 4019 Deum
1478 3965 1511 4020 et
1527 3955 1750 4041 praesentiam
1761 3957 1845 4036 eius,
1867 3959 2035 4023 cernimus
2056 3955 2142 4021 iram

125 4039 290 4128 imaginis.
335 4037 404 4103 Sed
441 4038 586 4123 adiungo
618 4039 682 4104 dici
704 4041 789 4123 λόγον
810 4053 969 4125 respectu
990 4042 1108 4120 nostri,
1158 4040 1322 4104 adversus
1342 4052 1530 4125 paccatum,
1549 4063 1647 4127 quarn
1668 4043 1753 4109 ratio
1775 4044 1906 4108 nonsic
1921 4042 2045 4110 cernit:
2069 4062 2141 4109 cer·

125 4128 204 4212 quia
237 4137 289 4191 est.
334 4144 469 4201 ersona,
498 4145 598 4209 quam
620 4137 776 4191 aeternus
798 4125 900 4193 Pater
920 4127 1107 4193 immediate
1158 4126 1268 4192 nimus
1302 4137 1335 4193 et
1367 4124 1630 4193 misericordiam
1662 4126 1727 4194 Dei
1747 4131 1937 4215 praesentis
1959 4126 2142 4196 revelatam

9 4266 11 4273 .
124 4214 221 4277 mittit
253 4214 296 4276 ad
349 4209 524 4290 eclesiam,
557 4230 643 4296 quae
674 4209 803 4360 pirofert
823 4211 1043 4299 Evangelium
1064 4233 1108 4279 aa
1158 4213 1193 4276 iu
1224 4212 1424 4302 Evangelio,
1457 4233 1501 4278 ac
1522 4225 1701 4281 cernentes
1723 4217 1861 4282 verbum
1882 4214 2002 4282 lucens
2025 4216 2059 4283 in
2081 4235 2141 4281 nc·

124 4300 199 4363 sinu
223 4299 349 4364 aeterni
373 4296 494 4375 Patris,
518 4309 551 4361 et
569 4316 633 4360 nos
655 4317 676 4362 a
704 4299 851 4382 oquitur,
872 4310 988 4365 servat
1015 4299 1107 4365 mini·
1159 4298 1225 4378 bis,
1246 4297 1520 4366 transformamur
1541 4302 1584 4368 ad
1606 4301 1783 4388 imaginem
1805 4299 1907 4383 illam,
1928 4304 1962 4368 id
1984 4315 2047 4383 est,
2068 4298 2141 4369 effi·

124 4386 261 4451 sterium
282 4381 470 4471 Evangelii,
493 4381 571 4450 colli
597 4383 623 4447 't
642 4380 844 4463 Ecclesiam,
867 4395 900 4449 et
920 4385 1107 4451 immediate
1160 4384 1268 4451 cimur
1295 4385 1421 4453 similes
1455 4389 1558 4453 verbo
1579 4385 1704 4454 lucenti
1724 4389 1759 4453 in
1780 4389 1898 4470 nobis,
1932 4385 2084 4477 agloria
2105 4388 2141 4453 iu

124 4481 179 4534 est
201 4472 292 4536 inea
314 4469 434 4537 atticas
457 4490 542 4545 voce
595 4467 737 4556 vangelii
759 4471 943 4537 ostendens
961 4470 1105 4537 Patrem.
1182 4469 1318 4552 loriam,
1351 4474 1384 4538 id
1411 4484 1480 4554 est,
1517 4471 1595 4541 luca
1621 4473 1695 4540 Filii
1721 4475 1991 4562 adagnitionem
2014 4474 2142 4542 aeterni

123 4554 203 4620 ldeo
233 4567 267 4621 et
298 4557 384 4622 baec
418 4559 534 4623 eadem
566 4577 724 4643 persona,
756 4558 835 4643 quia
863 4559 967 4623 missa
988 4568 1041 4623 est
1062 4557 1106 4623 ad
1158 4492 1288 4637 lauis,
1320 4571 1354 4625 et
1375 4556 1461 4626 haec
1482 4559 1566 4627 liunt
1586 4560 1712 4649 Spiritu
1731 4575 1851 4628 sancto
1873 4559 1972 4628 simul
1993 4573 2159 4650 mutante

123 4638 321 4721 Ecclesiam,
354 4647 494 4710 assumit
525 4643 704 4709 humanam
735 4655 897 4710 naturam.
941 4643 997 4711 Ad
1017 4644 1107 4709 lranc
1159 4645 1459 4726 cordaetnovas
1482 4645 1690 4715 flammasin
1713 4651 1872 4715 cordibus
1893 4651 2113 4717 accendente.

123 4729 428 4816 interpretationem
449 4736 521 4818 aspi
542 4733 595 4795 rori
617 4731 706 4812 λόγου
728 4729 882 4817 congruit
893 4731 1031 4797 dictumt
1053 4730 1105 4796 Ft
1571 4804 1574 4809 .
1756 4771 1770 4787 κ

123 4810 190 4880 lius
218 4817 274 4902 qui
307 4828 359 4881 est
391 4817 425 4881 in
458 4818 533 4882 sinu
554 4815 665 4882 Patris
697 4818 772 4904 ipso
804 4818 971 4883 enarravit
996 4817 1111 4887 nobis.
1244 4816 1419 4885 Addamus
1452 4831 1486 4886 et
1518 4822 1641 4888 dicturn
1673 4817 1770 4887 Pauli
1799 4821 1829 4885 l.
1851 4818 2003 4888 Corinth.
2027 4820 2058 4886 1.
2101 4818 2142 4888 lu

124 4899 223 4980 item,
338 4922 413 4968 sum
435 4905 491 4988 qui
511 4905 555 4968 ab
577 4905 668 4969 initio
691 4903 864 4970 vobiscum
885 4900 1017 4990 loquor.
1061 4901 1105 4970 Et
1157 4899 1306 4985 Christo,
1338 4907 1395 4993 qui
1417 4903 1527 4974 lactus
1549 4919 1602 4974 ost
1620 4909 1716 4975 nobis
1738 4908 1903 4994 sapientia
1924 4927 1946 4972 a
1968 4906 2057 4988 Deo,
2088 4906 2140 4975 lu·

126 4987 283 5055 Lichan.
317 4988 475 5075 .diciturr
498 4987 596 5063 Quod
618 4990 771 5071 vidimus,
793 4991 884 5076 qaod
905 5010 1022 5057 nunus
1043 5010 1104 5057 no·
1153 4989 1244 5056 stitia
1265 5003 1298 5058 et
1318 4992 1545 5060 Sanortfioarto
1567 5006 1601 5062 et
1621 4993 1806 5061 Redeuntio.
1849 4991 2001 5081 intelligo
2066 5014 2141 5061 rao·
2266 4989 2270 4993 ’

123 5086 217 5142 auae
237 5085 531 5143 macoouverunt
551 5076 593 5142 de
613 5079 719 5146 verbo
741 5077 841 5146 vitae.
886 5079 935 5146 lbi
956 5077 1105 5145 nomina·
1152 5096 1231 5144 nam
1268 5075 1392 5147 Christi
1412 5078 1522 5147 Deum
1543 5093 1579 5149 et
1599 5077 1782 5164 bominem,
1816 5093 1850 5149 ct
1867 5093 1978 5148 tamen
2043 5094 2140 5153 ectus
