4628 5588
46 119 56 251 ἰ
118 108 288 227 'aar
511 192 514 199 ·
623 220 626 225 ff
745 134 902 227 'enm
922 155 1028 267 nau
1048 122 1240 225 semera
1258 122 1539 225 nonnanes.
1875 156 1879 160 ·
1977 222 1981 229 ,
2104 156 2171 225 ιιι

133 314 289 414 ‚condere
322 367 419 409 noros
447 346 592 409 articulos
621 347 707 419 fidel,
741 347 825 427 quod
853 348 988 411 doctrina
1010 348 1049 409 de
1072 342 1209 412 essentia
1231 357 1264 411 et
1285 348 1439 410 voluntate
1467 347 1528 410 Dei
1554 347 1647 430 longe
1676 366 1770 428 supra
1798 355 1830 409 et
1859 356 1942 410 extra
1971 357 2170 431 conspectum

158 437 258 498 omnis
275 441 432 496 creaturae
454 433 610 496 rationalis
628 437 739 514 posita,
763 454 863 515 neque
885 436 924 497 ab
946 434 1076 516 Angelis
1095 435 1168 496 ullis
1192 457 1292 515 neque
1314 436 1353 495 ab
1375 434 1549 497 hominibus
1563 435 1674 496 mentis
1688 436 1754 495 acie
1769 434 1953 515 deprehendi
1965 445 2069 518 potest
2082 437 2171 499 seda

157 521 220 584 tillo
243 521 304 583 Dei
322 521 441 602 prolata
463 528 513 589 est
531 541 570 582 ex
591 522 662 582 sinu
680 542 788 582 arcano
812 524 918 602 patris,
938 529 1075 584 enarrata
1095 524 1133 584 ab
1156 520 1296 603 Angelis,
1319 521 1472 602 patefacta
1493 523 1596 602 generi
1619 520 1749 582 humano
1768 528 1849 582 certo
1871 525 1965 584 verbo
1993 530 2025 585 et
2048 524 2170 586 illustri·

50 626 54 636 ·
155 608 217 671 bns
239 608 491 680 testimoniis,ta
459 614 559 669 taram
581 614 682 669 testes
700 615 772 669 sunt
789 628 847 669 seu
864 608 1095 671 testificationes
1118 610 1156 670 de
1179 608 1282 688 aliquo
1305 610 1400 669 veteri
1418 608 1569 709 dogmate,
1593 607 1675 710 quod
1697 628 1733 667 se
1751 607 1917 669 ostendunt
1937 629 1973 670 ac
1995 611 2172 691 profitentur

157 695 310 782 amplecti,
334 696 486 775 quianon
509 696 678 755 sitnovum
702 703 754 756 aut
776 697 1029 766 commenticium,
1052 695 1110 756 sed
1127 715 1199 756 vera
1221 697 1382 756 autoritate
1410 703 1441 756 et
1462 695 1636 776 perspicuis
1665 701 1757 773 atque
1784 693 1954 757 illustribus
1985 699 2170 760 testimoniis

157 802 338 864 expressum
361 782 391 842 in
414 782 538 861 scriptis
561 777 755 861 Propheticis
778 789 810 842 et
831 780 1034 862 Apostolicis‚
1057 802 1137 861 quac
1154 783 1330 843 testimonia
1351 778 1533 860 colligentes
1557 787 1588 841 et
1606 779 1798 841 conserentes
1821 783 1898 841 inter
1918 802 1972 855 se,
1996 803 2035 843 ex
2052 783 2101 844 bis
2120 805 2189 846 ve·-

155 887 218 930 ram
237 889 313 929 esse
346 868 555 929 demonstrant
583 869 766 928 sententiam
789 883 878 947 quam
900 869 1094 948 profitentur,
1125 875 1156 929 et
1176 875 1301 948 propter
1330 887 1367 926 ea
1388 870 1564 929 testimonia
1591 866 1783 948 synodorum
1807 867 1939 928 decretis
1962 873 2172 933 assentiuntur

156 954 220 1016 alii.
264 953 314 1015 Ne
337 954 459 1034 quidem
479 940 651 1035 Apostoli
644 955 703 1034 rpsi
726 954 913 1017 tradiderunt
935 953 1029 1015 ullum
1048 955 1168 1033 dogma,
1192 955 1274 1033 qnod
1293 975 1353 1015 nnn
1376 974 1443 1015 cum
1466 954 1617 1036 patefacta
1640 954 1759 1014 antea
1751 974 1780 1013 ιιι
1791 950 2017 1032 Prophetarum
2046 959 2171 1038 scriptis

156 1041 294 1103 doctrina
313 1042 512 1114 consentiret,
534 1047 566 1101 ct
583 1042 692 1102 citatur
713 1040 835 1121 dignum
854 1043 999 1102 memoria
1016 1062 1054 1102 ex
1076 1038 1168 1102 Petro
1194 1040 1346 1120 Apostolo
1370 1040 1481 1101 dictum
1504 1060 1523 1102 a
1547 1037 1709 1101 Clemente
1728 1039 1933 1102 Alexandrino
1955 1046 2066 1103 sexto
2046 1065 2170 1149 ,σιραν
2267 1072 2299 1100 0.

154 1135 286 1210 meets,
308 1128 392 1207 qnod
413 1127 543 1189 affirmat
543 1114 732 1235 Apostolos
750 1125 825 1188 nihil
845 1128 914 1188 sine
936 1129 1104 1207 scripturae
1127 1128 1308 1188 testimoniis
1328 1127 1444 1190 dicere:
1467 1124 1640 1230 όΠέιρος
1629 1131 1659 1228 ἐγ
1680 1127 1724 1211 ιρι
1744 1125 1916 1234 κηρύγματι
1925 1133 1996 1209 περι
2017 1130 2078 1192 τῶν
2093 1128 2171 1194 ἄπο·

155 1213 273 1279 στόλων
287 1212 399 1319 tepor:
405 1222 509 1318 φησιν.
534 1211 621 1293 ἡμεῖς
627 1207 805 1278 dioiroenro‘
805 1218 906 1292 ξανιες
926 1210 979 1287 τοις
995 1210 1175 1320 duplione*
1154 1235 1191 1288 ος
1211 1215 1332 1320 εἴχομεν
1352 1215 1413 1276 scrin
1434 1215 1606 1316 προφιγιοιν,
1628 1208 1648 1275 ἃ
1669 1217 1723 1292 μὲν
1745 1210 1796 1274 δια
1818 1212 2054 1296 παραβολων,“
2032 1240 2052 1276 α
2075 1213 2108 1279 di
2130 1214 2172 1281 δι’

136 1298 394 1382 'desperoa‘'
372 1325 393 1365 α
415 1298 448 1367 ιιι
470 1296 658 1373 αὖθινιιιιως
678 1305 730 1363 και
750 1298 903 1379 amuleta
923 1298 974 1363 ιιιν
995 1297 1119 1384 γρισιιιν
1137 1298 1264 1404 Ἰιγσοῦν
1273 1298 1491 1381 ὀνομαζόντων,
1514 1323 1640 1405 εορομεν
1660 1303 1710 1360 και
1739 1323 1790 1376 ιρι
1811 1303 1979 1406 παρουσίαν
2000 1299 2093 1364 adteri
2119 1306 2172 1366 και

154 1384 205 1451 aba
224 1385 360 1493 θάνοιμι
381 1390 434 1450 sal
454 1383 504 1449 scir
526 1383 687 1493 σιανριιν,
690 1391 742 1449 και
746 1384 821 1491 .τοὶς
842 1384 949 1460 λοιποις
969 1386 1107 1460 κολάσεις
1128 1386 1230 1460 πάσας
1251 1382 1327 1461 όσας
1347 1392 1492 1465 ε’ποίιγσαν
1509 1384 1592 1471 calui
1613 1389 1658 1494 oi3
1662 1383 1799 1448 Ἰουδαῖοι
1819 1391 1871 1449 και
1898 1411 1950 1464 sps
1978 1389 2095 1490 ἔγερσιν
2118 1393 2172 1453 aral

153 1472 207 1552 salv
229 1475 274 1547 εις
288 1471 441 1584 ου’ραιοιις
457 1470 606 1556 ἀνάληψιν
626 1496 687 1555 προ
706 1496 760 1539 ιον
746 1470 965 1579 ’Ἱεροσόλυμα
987 1475 1160 1552 κτισθῆναι,
1181 1471 1290 1547 sablois
1316 1477 1485 1578 ἐγέγραπτο.
1509 1497 1600 1536 rausa
1623 1461 1674 1578 qaia
1695 1470 1861 1552 ἐπιγνόντες
1887 1472 2117 1575 ἐπιστεύσαμεν
2127 1476 2174 1562 trgi
2284 1492 2287 1507 ·

42 1616 48 1625 .
153 1561 225 1647 naq?
245 1557 297 1623 daal
317 1583 379 1623 των
400 1567 609 1645 γεγραμμένων
630 1561 674 1632 εις
701 1557 800 1622 αὐτόν.
850 1559 891 1621 Et
917 1558 1010 1644 paulo
1041 1568 1127 1640 post.
1157 1560 1287 1639 ἔγνωμεν
1308 1583 1364 1644 γαρ
1388 1583 1472 1622 οιιο
1501 1556 1576 1632 θεὰς
1598 1555 1671 1622 edroi
1693 1554 1928 1642 προςέιαξεν”
1891 1584 1986 1634 οιιιως
2006 1567 2057 1624 και
2085 1535 2172 1626 οιιδεν

154 1644 225 1732 ἄιιρ
247 1669 365 1731 γραφιγν
386 1650 518 1727 λέγομεν.
563 1643 676 1707 Nititur
698 1645 773 1709 fides
795 1647 889 1709 verbo
911 1645 1074 1727 patefacto.
1119 1645 1237 1727 Synodi
1259 1646 1411 1707 traditas
1403 1666 1432 1705 ιιι
1452 1644 1559 1706 eodem
1576 1647 1753 1705 sententias
1772 1652 1912 1724 repetunt
1931 1654 1962 1707 ct
1984 1648 2171 1727 profitentur,

155 1739 188 1796 et
204 1732 372 1794 ostendunt
389 1751 429 1794 cx
450 1731 614 1793 collatione
636 1731 765 1813 plurium
787 1733 1040 1811 testimoniorum,
1064 1732 1217 1813 quomodo
1240 1732 1321 1792 dicta
1342 1730 1526 1812 Proplretica
1548 1740 1578 1792 et
1607 1729 1789 1810 Apostolica
1811 1730 2008 1813 intelligenda
2028 1735 2108 1808 sint,
2140 1741 2173 1799 et

154 1819 374 1921 adiuvantug'·
355 1838 394 1880 ns
417 1818 612 1891 testimoniis,
636 1838 716 1898 quae
733 1819 772 1880 ab
795 1818 960 1900 Apostolis
977 1839 1121 1880 manasse
1139 1838 1178 1879 ex
1200 1818 1281 1879 veris
1305 1820 1459 1898 certisque
1481 1820 1684 1879 monumentis
1708 1824 1837 1880 constat

360 1986 441 2051 Curn
459 1998 561 2052 antem
583 1954 724 2072 Symboli
745 1988 866 2064 Niceni,
889 1999 921 2054 et
938 1990 1111 2073 Apostolici
1134 1990 1214 2053 (licta
1230 1991 1334 2053 brevia
1362 1993 1438 2064 sint,
1467 1991 1603 2054 adiunxit
1620 2011 1742 2072 semper
1763 1988 1908 2052 Ecclesia
1929 1990 2097 2074 longiorem
2120 2014 2172 2055 ex·

153 2076 366 2160 plicationem,
389 2083 421 2138 et
443 2079 601 2157 repetivit,
635 2098 703 2139 cum
727 2098 806 2159 opus
829 2077 895 2148 suit,
904 2080 1134 2149 enarrationem
1155 2077 1295 2138 collectis
1318 2078 1514 2148 testimoniis,
1537 2098 1615 2157 quae
1633 2076 1845 2148 ostenderent,
1875 2076 1957 2139 unde
1981 2087 2102 2161 sumpta
2129 2082 2173 2143 sit

155 2164 316 2229 doctrina
309 2184 338 2224 ιιι
361 2183 399 2224 eo
423 2165 591 2243 proposita,
614 2171 646 2224 et
666 2171 701 2225 ιιι
719 2165 817 2225 fides
819 2184 856 2224 se
879 2165 951 2244 figat
971 2185 1008 2225 ac
1029 2163 1136 2225 fundet
1156 2184 1215 2224 non
1239 2165 1267 2224 in
1291 2161 1432 2224 humanis
1455 2165 1633 2235 sententiis,
1661 2163 1754 2224 sed
1748 2184 1776 2223 ιιι
1799 2166 1960 2244 perspicuo
1984 2166 2076 2227 verbo
2099 2165 2170 2239 Dei.

153 2250 232 2313 Ita
224 2271 253 2311 ιιι
277 2250 446 2313 Academia
467 2249 685 2329 Vitehergensi
703 2251 845 2330 repetivit
867 2251 1083 2311 'enarrationem
1112 2248 1252 2330 symboli
1278 2247 1398 2320 Niceni‚
1422 2257 1455 2311 ut
1484 2250 1561 2322 dixi,
1584 2252 1711 2332 primum
1735 2247 1849 2311 Doctor
1878 2246 1996 2331 Caspar
2025 2250 2171 2333 Cruciger

136 2342 260 2399 ·.contra
276 2335 438 2398 Servatum
461 2332 648 2439 Campanum
671 2343 703 2398 et
724 2335 844 2397 similes
863 2335 1022 2409 fanaticos,
1041 2357 1169 2417 quorum
1191 2336 1353 2397 Servatus·
1342 2357 1421 2418 ·.per
1439 2336 1627 2418 Hispaniam,
1651 2334 1801 2409 Galliam,
1831 2335 2039 2399 Germanicam
2061 2346 2093 2400 et
2114 2337 2171 2401 lta·

153 2422 224 2487 liam
243 2423 506 2485 Samosatenicnm
529 2424 613 2485 virus
635 2429 707 2484 tunc
728 2423 901 2494 renovabat,
931 2429 1052 2504 propter
1076 2423 1158 2503 quod
1181 2443 1247 2484 curn
1270 2423 1391 2484 turbare
1413 2422 1574 2485 Ecclesiae
1604 2429 1636 2483 ct
1664 2423 1787 2484 inficere
1817 2430 1938 2484 teneras
1960 2432 2081 2486 mentes
2110 2446 2170 2487 non

77 2568 81 2575 .
155 2510 313 2572 desineret
332 2508 490 2572 multoties
508 2508 681 2571 admonitus
704 2515 736 2570 et
757 2509 919 2570 manifeste
942 2511 1142 2580 convictus,
1134 2530 1199 2570 rure
1220 2509 1260 2570 ad
1282 2529 1386 2589 rogum
1400 2509 1629 2581 condemnatus,
1652 2529 1770 2591 poenas
1781 2508 1934 2591 supplrcro
1954 2512 2089 2592 corporis
2102 2506 2170 2574 lirit.

155 2593 274 2658 Postea
296 2616 363 2657 cum
386 2595 558 2658 inchoatam
581 2593 815 2676 explicationem
839 2597 996 2657 immatura
1018 2616 1100 2657 mors
1126 2593 1281 2675 Crucigeri
1306 2597 1504 2677 abripuisset,
1526 2604 1641 2676 partem
1665 2597 1734 2657 eius
1757 2616 1895 2675 magnam
1917 2599 2070 2678 pertexuit
2097 2595 2171 2658 Phi·

154 2681 259 2765 lippns
280 2680 472 2754 Melanthea,
495 2702 584 2763 quaro
608 2684 752 2763 opposuit
774 2682 934 2744 calomniis
958 2689 990 2744 et
1006 2682 1175 2744 mendaciis
1197 2679 1327 2752 illorum,
1350 2703 1370 2743 a
1391 2684 1504 2763 quibus
1526 2704 1594 2743 enm
1617 2689 1690 2763 post
1713 2683 1909 2745 mutationem
1933 2703 2023 2763 quam
2047 2683 2170 2745 Germa·

155 2770 226 2830 niae
248 2769 403 2832 tanatum
420 2768 537 2831 bellam
560 2769 628 2830 anni
653 2768 878 2849 quadragesimi
900 2771 983 2832 sexti
1004 2769 1115 2841 attulit,
1139 2769 1340 2830 iniustissime
1362 2775 1590 2850 praegravatum
1611 2776 1644 2831 et
1667 2770 1866 2831 acerbissime
1895 2769 2065 2832 traductum
2093 2791 2171 2834 essa

154 2857 359 2928 meminimus,
381 2863 486 2918 contra
507 2876 588 2936 quos
610 2854 760 2916 clamores
779 2876 847 2917 cum
864 2857 1046 2935 posteritati,
1069 2857 1098 2916 si
1121 2873 1181 2936 qua
1203 2855 1303 2916 lutura
1324 2863 1384 2927 est,
1403 2856 1518 2916 dictura
1535 2875 1611 2916 esse
1633 2857 1839 2917 testimoninm
1856 2857 1967 2937 scripta
1988 2858 2068 2929 eius,
2091 2877 2171 2938 quae

107 2971 110 2975 ·
154 2940 240 3003 nulla
261 2950 311 3005 est
332 2962 464 3023 unquam
483 2940 633 3003 abolitura
652 2948 805 3013 venustas,
824 2962 883 3002 non
907 2941 1092 3014 dubitemus,
1110 2962 1169 3003 non
1192 2944 1421 3012 attrectabimus
1443 2941 1497 3003 illa
1518 2941 1642 3003 vulnera
1660 2941 1801 3022 amplius
1845 2942 1938 3005 Extat
1955 2952 2057 3006 autem
2075 2944 2171 3006 editio

154 3035 283 3109 utraque
305 3037 337 3091 et
358 3031 387 3090 in
410 3029 551 3090 manibus
574 3027 742 3089 Doctorum
764 3034 909 3089 versatur.
1679 3068 1682 3071 -

359 3199 426 3261 Sed
446 3219 527 3271 cnm,
548 3206 583 3262 ιιι
604 3200 637 3262 tit
656 3201 749 3260 rebus
771 3200 862 3260 motis
884 3206 916 3260 et
931 3200 1071 3270 turbatis,
1093 3199 1181 3260 annis
1201 3168 1405 3279 sequentibus
1426 3206 1585 3262 crescente
1602 3198 1770 3279 petulantia
1788 3201 1973 3280 ingeniorum
1996 3207 2028 3263 et
2047 3199 2173 3264 licentia
2275 3214 2278 3218 ’

155 3286 195 3349 ab
213 3285 284 3348 aliis
301 3284 362 3347 alia
384 3293 645 3347 commoverentur
667 3287 837 3347 certamina
882 3285 966 3347 Alibi
985 3284 1152 3346 Stancaros
1174 3285 1402 3365 reprebendens
1424 3287 1567 3348 usitatam
1591 3286 1754 3350 Ecclesiae
1771 3287 1937 3348 doctrinam
1962 3287 2001 3348 de
2018 3287 2109 3348 modo
2126 3286 2171 3349 lo-

63 3369 68 3377 ’
155 3372 299 3456 qnendi
291 3393 322 3434 tn
345 3373 616 3434 communicatione
639 3372 831 3443 ldiomatum,
855 3378 888 3434 et
903 3373 943 3433 de
964 3371 1135 3434 Mediatore
1154 3370 1215 3432 tilio
1232 3371 1293 3432 Dei
1316 3374 1494 3453 disputaret,
1512 3371 1591 3434 Eum
1609 3380 1722 3435 tantum
1741 3371 1941 3435 Mediatorem
1962 3394 2039 3435 esse
2061 3394 2170 3436 secun·

154 3460 226 3523 dum
250 3459 408 3521 humanam
427 3466 575 3523 naturam:
605 3457 691 3519 Alibi
720 3457 876 3521 Osiander
902 3458 1088 3521 convelleret
1114 3459 1279 3520 doctrinam
1303 3466 1471 3520 nostrarum
1499 3458 1709 3521 Ecclesiarum
1740 3459 1779 3520 de
1809 3460 2005 3539 imputatione
2033 3461 2171 3522 iustitiae

155 3543 273 3610 Christi
291 3567 370 3607 novo
388 3553 559 3608 commento
579 3545 620 3605 de
642 3545 759 3607 institia
781 3545 956 3611 essentiali:
975 3544 1059 3607 Alibi
1081 3544 1312 3625 Stenclrt‘eldius
1329 3548 1452 3627 pravius
1472 3566 1560 3625 quam
1579 3554 1669 3608 antea
1698 3553 1730 3607 et
1751 3545 1962 3608 vehementius
1985 3555 2107 3626 urgeret
2126 3545 2170 3608 sa·

154 3635 255 3696 natica
276 3653 335 3693 sua
357 3631 463 3694 deliria
485 3633 524 3694 de
546 3630 778 3694 Enthusiasmis
801 3639 905 3693 contra
925 3633 1009 3693 verbi
1032 3634 1171 3693 sonantis
1195 3639 1227 3692 ct
1248 3634 1406 3694 ministerii
1430 3633 1605 3713 dignitatem
1628 3641 1720 3712 atque
1749 3633 1955 3704 autoritatem,
1985 3632 2086 3713 deque
2114 3630 2169 3695 hu·

153 3740 244 3782 mana
264 3728 370 3801 natura
392 3717 509 3784 Christi
539 3720 732 3799 absorptam
761 3718 958 3781 divinitatem.
1003 3718 1149 3798 Serperet
1170 3720 1259 3779 etiam
1283 3719 1364 3779 luror
1386 3719 1648 3801 Anabnptisticus.
1693 3718 1751 3778 llis
1785 3739 1856 3798 ergo
1881 3721 1987 3780 causis
2017 3719 2170 3800 impulsus

155 3791 330 3887 Philippus,
349 3812 384 3866 ιιι
404 3805 462 3867 has
479 3825 589 3866 recens
610 3813 711 3867 motas
733 3807 958 3895 disputationes
979 3805 1148 3886 explicaret
1168 3806 1283 3885 integre
1306 3826 1341 3866 ac
1362 3806 1536 3886 perspicue,
1560 3812 1592 3867 et
1613 3803 1774 3866 revelleret
1792 3826 1870 3884 qnae
1889 3812 1926 3868 ab
1949 3807 2106 3867 autoribus
2128 3807 2171 3868 ad

125 3930 129 3935 ·
157 3912 213 3954 eas
237 3891 457 3953 confirmandas
480 3892 735 3970 excogitabantur,
754 3899 848 3955 totam
870 3894 1000 3954 retexuit
1021 3893 1238 3953 enarrationem
1260 3891 1562 3972 SymboliNiceni,
1554 3912 1583 3952 ιιι
1606 3913 1666 3972 qua
1688 3913 1755 3952 curn
1777 3891 1855 3953 alias
1878 3891 1992 3955 multas
2015 3893 2170 3966 doctrinae

156 3975 350 4041 Christianae
366 3986 482 4058 partes,
506 3984 539 4039 ut
561 3978 724 4040 doctrinam
747 3979 787 4039 do
808 3981 909 4058 Lege,
932 3981 972 4039 de
994 3977 1179 4056 Evangelio,
1202 3978 1240 4038 dc
1262 3979 1374 4038 Libero
1403 3979 1540 4048 arbitrio,
1563 3986 1626 4039 tum
1656 3999 1727 4038 vero
1756 3980 1786 4039 ιιι
1816 3980 1919 4059 primis
1943 3980 2106 4040 doctrinam
2129 3979 2171 4041 do

155 4064 225 4128 lleo
248 4073 280 4128 et
301 4064 341 4125 de
363 4064 442 4126 Filio
465 4062 525 4124 Dei
544 4069 576 4124 et
597 4064 636 4125 de
658 4064 874 4126 iustificatione
897 4064 1029 4126 hominis
1052 4085 1153 4124 coram
1168 4024 1237 4126 lleo
1262 4066 1372 4125 exinde
1395 4064 1563 4136 illustrarit,
1582 4073 1616 4126 ut
1637 4066 1687 4126 vix
1705 4064 1765 4136 alia
1788 4067 1941 4146 copiosior
1959 4072 2042 4128 extet
2058 4064 2171 4128 etillu·

155 4155 245 4215 atrior
267 4152 373 4214 horum
396 4150 571 4221 declaratio,
593 4151 676 4211 sicut
697 4149 859 4231 plaeraque
882 4153 951 4212 cius
972 4159 1128 4232 postrema
1148 4154 1262 4232 scripta
1283 4158 1355 4213 sunt
1373 4152 1546 4212 nervosiora
1568 4159 1600 4212 et
1621 4154 1843 4232 penetrantium
1861 4153 2001 4216 cacteris.

364 4324 407 4386 Ut
429 4329 528 4384 antem
552 4322 608 4383 frui
629 4320 776 4383 Ecclesia
797 4331 907 4404 posset
928 4323 987 4385 hoc
1010 4342 1133 4403 quoque
1156 4330 1374 4403 postremarum
1398 4325 1466 4384 eins
1485 4323 1697 4402 cogitationum
1721 4331 1752 4384 et
1773 4323 1908 4386 laborum
1928 4323 2035 4397 fructu,
2058 4322 2170 4387 adden·

157 4411 226 4471 dam
248 4411 425 4472 censuimus
446 4410 597 4490 prioribus
622 4408 700 4470 banc
722 4429 846 4489 quoqne
872 4411 1107 4482 enarrationem,
1137 4431 1175 4470 ne
1199 4410 1273 4490 quid
1295 4410 1512 4491 ,explicationis
1542 4408 1597 4470 ulli
1628 4412 1701 4490 parti
1724 4418 1869 4472 motarum
1897 4412 2170 4474 controversiarum
2272 4428 2278 4437 “

128 4556 133 4565 Χ
157 4496 297 4568 maaet,
317 4504 348 4557 et
370 4517 491 4577 operam
513 4496 658 4556 editionis
682 4495 873 4557 hortantibus
897 4498 1003 4557 amicis
1022 4496 1149 4557 libenter
1171 4498 1200 4556 in
1223 4517 1272 4557 me
1295 4498 1406 4576 recepi,
1427 4518 1493 4557 cum
1513 4497 1668 4576 occupatis
1690 4497 1761 4558 aliis
1784 4499 1823 4558 ad
1845 4518 1910 4558 eam
1929 4519 1990 4558 rem
2009 4519 2067 4559 non
2091 4499 2170 4561 satis

37 4661 40 4667 Ι
158 4584 213 4644 otii
230 4583 457 4646 concederetur.
504 4581 585 4656 Quia
606 4581 757 4661 piaculum
777 4603 853 4643 esse
871 4584 989 4655 iudico,
1008 4585 1196 4643 committere
1219 4583 1404 4662 negligentia
1426 4585 1601 4654 nostra,'ut
1621 4593 1727 4664 pareat
1747 4584 1862 4664 aliquid
1886 4605 2005 4654 eorum,
2029 4606 2108 4664 quae
2130 4585 2170 4645 ab

158 4667 219 4729 boc
236 4668 380 4729 divinitus
403 4670 533 4730 excitato
556 4676 588 4729 et
605 4669 771 4746 gubernato
794 4671 868 4739 viro,
888 4689 977 4749 quem
1000 4677 1073 4749 post
1090 4669 1256 4729 Lnthemm
1280 4678 1402 4731 bostrae
1425 4670 1587 4731 Ecclesiae
1612 4671 1779 4733 habuerunt
1802 4692 1970 4741 summum,
1994 4692 2072 4751 quae
2096 4692 2170 4752 ergo

158 4758 197 4817 ab
216 4754 275 4814 boc
293 4755 332 4815 ad
350 4775 440 4816 usum
463 4753 626 4816 Ecclesiae
644 4757 758 4836 scripta
777 4756 905 4827 suerunt,
925 4756 1006 4836 quod
1024 4756 1203 4816 dexteritate
1226 4757 1425 4833 tractationis,
1449 4759 1665 4836 perspicuitate
1688 4755 1915 4837 explicationis,
1943 4757 2086 4818 facilitate
2106 4779 2170 4819 ora·

157 4843 262 4912 tionis,
282 4841 461 4902 rectitudine
484 4843 698 4912 sententiarum
722 4864 789 4904 cum
808 4840 1000 4922 Propheticis
1024 4852 1055 4902 et
1082 4840 1274 4921 Apostolicis
1304 4845 1428 4922 scriptis
1458 4850 1489 4903 et
1510 4845 1605 4904 totius
1635 4845 1747 4923 primae
1770 4864 1805 4903 ac
1826 4845 1957 4924 purioris
1979 4840 2169 4923 antiquitatis

95 4939 98 4943 '
157 4929 345 4991 testimoniis
369 4930 591 5001 consentiente,
615 4929 857 4990 consolationum
876 4948 1011 4989 verarum
1031 4927 1176 4998 sontibus,
1200 4929 1322 5008 pietatis
1346 4936 1377 4990 et
1398 4930 1532 4990 ardentis
1557 4932 1756 4990 invocationis
1775 4932 1892 5001 nervis,
1915 4930 2005 4991 facilc
2029 4939 2169 4992 caeteros
2271 4942 2277 4953 '

159 5016 253 5077 nostri
276 5012 373 5075 seculi
398 5014 579 5093 interpretes
600 5018 731 5082 vincunt.
774 5015 844 5078 Non
868 5016 947 5076 enim
968 5017 1064 5095 gignit
1087 5016 1348 5094 interpretationes
1372 5036 1466 5077 noras
1489 5026 1520 5077 et
1542 5016 1668 5097 alienas,
1693 5024 1726 5078 ιιι
1749 5015 1831 5077 ιιιιιιιι
1846 5017 1904 5077 hoc
1927 5025 2062 5097 tempore
2084 5025 2170 5099 pctu-

158 5101 256 5165 ltnter
278 5108 311 5163 et
332 5099 521 5180 impudenter
539 5102 663 5175 iaciunt,
682 5123 762 5184 quos
784 5120 844 5164 non
867 5101 962 5184 pudet
983 5102 1171 5163 comminisci
1194 5101 1336 5182 dogmata
1357 5103 1490 5169 inaudita
1511 5104 1541 5164 iu
1564 5102 1709 5165 Ecclesia
1729 5111 1761 5165 et
1784 5103 1823 5164 ad
1841 5123 1878 5164 ea
1899 5103 2086 5166 stabilienda
2105 5106 2171 5167 uio·
