4628 5588
2061 112 2065 117 .
2107 104 2113 115 ι

2213 298 2217 307 ι

796 184 841 253 v.
861 165 1132 253 musano
1149 182 1353 255 srurmu
1372 130 1551 255 ntoeuu'

41 198 43 205 '
153 187 221 259 Μ

153 389 235 460 tant,
256 380 334 467 quie
355 397 420 444 neo
439 377 529 463 piam
550 388 603 441 est
624 377 676 443 sic
696 376 820 454 dicere,
836 395 902 443 neo
923 376 1024 441 nohis
1044 372 1138 456 utile,
1189 373 1284 443 aliter
1314 372 1531 463 intelligenda
1562 388 1615 442 est
1646 377 1875 443 determinatio
1888 422 1891 427 -
1904 392 2084 448 eventuum
2110 383 2171 448 bo·

152 485 263 553 neom
284 463 368 531 talia
388 465 478 530 dicta
499 482 616 530 secum
636 465 711 551 ipsa
733 463 954 529 consentiunt.
1049 476 1056 487 '

1188 569 1274 636 quos
1295 568 1363 615 non
1385 546 1469 631 vult,
1489 551 1552 615 sed
1572 552 1742 636 permittit.

1274 703 1370 773 Deus
1409 705 1633 771 determinans
1668 704 1774 773 hancz
1817 707 1941 775 Mortui
1973 720 2169 796 resurgente

1188 788 1262 858 vult
1283 788 1370 858 hanc
1392 793 1682 874 resurrectionem,
1716 804 1749 860 et
1782 797 1895 861 condit
1928 799 2100 877 decretum
2126 816 2171 863 ne

1188 876 1248 943 fiat
1269 879 1469 963 oppositum,
1503 878 1550 944 At
1571 881 1793 946 determinans
1813 883 1927 947 istam:
1958 883 2048 949 Nero
2070 884 2170 949 inter·

238 982 347 1051 Amo.
380 980 412 1046 3,
463 980 538 1047 Non
572 990 626 1046 est
657 977 780 1047 Mum
810 980 846 1045 tn
878 980 1013 1047 civim„
1045 980 1136 1068 quod
1188 965 1280 1030 liciat
1300 961 1454 1044 Paolum,
1487 985 1556 1030 non
1582 964 1653 1032 vult
1680 967 1768 1031 hanc
1790 969 1978 1050 saevitiam,
2012 972 2072 1036 sed
2093 990 2169 1054 per·

152 1092 221 1140 m
252 1068 333 1136 tecit
357 1066 535 1135 Dominus,
578 1066 773 1134 Huiusmodi
805 1067 895 1134 (lton
928 1064 1137 1135 cumulantur
1188 1052 1285 1118 mittit
1306 1062 1341 1116 et
1362 1052 1558 1117 determinat
1579 1065 1683 1121 metas
1705 1052 1855 1121 furorum
1876 1055 2040 1138 Neronis,
2067 1069 2105 1123 nt
2127 1056 2170 1123 de

152 1160 197 1227 eh
217 1157 259 1223 iis
281 1157 338 1242 qni
360 1151 587 1222 vociferantur
606 1153 717 1221 mum
739 1172 817 1219 esse
835 1172 973 1219 caumm
993 1155 1136 1239 pabeam
1189 1136 1416 1204 Sennacherib
1439 1138 1557 1203 dicitur
1578 1141 1609 1205 t.
1631 1139 1763 1229 Regum
1792 1140 1844 1208 19.
1866 1140 1994 1209 Ponam
2036 1141 2171 1209 hamum

132 1244 217 1311 .llic
233 1255 351 1319 ,autem
370 1253 453 1308 nota
484 1242 528 1306 sit
560 1241 714 1307 omnibus
746 1250 844 1307 vetas
877 1252 910 1306 et
941 1242 1138 1306 necessaria
1187 1227 1224 1290 5¹¹
1244 1222 1343 1291 hbllS
1365 1225 1431 1290 tuis
1453 1237 1487 1291 et
1506 1225 1666 1294 oeuumm
1686 1239 1730 1294 te·
2177 1228 2192 1249 ‘

152 1330 334 1397 distinctio.
367 1325 536 1394 Diffemnt
556 1338 731 1413 peccatam
754 1338 788 1392 et
808 1346 931 1413 poena,
952 1346 995 1392 ac
1015 1326 1138 1393 usitate
1709 1330 1712 1335 ’

305 762 587 852 Secundum
622 774 984 885 argumentum.
1027 862 1046 877 ·

1187 483 1318 539 norom,
1341 482 1426 549 quos
1447 459 1521 529 vult
1536 456 1646 530 Deus:
1669 460 1774 531 Aliter
1793 462 1957 532 malorum
1979 479 2171 561 eventuum,
2303 504 2307 511 .

52 2998 56 3005 '
153 2984 217 3051 etit
237 2984 358 3051 domus
380 3006 496 3051 eoram
518 2985 654 3051 deserta
676 2995 750 3050 etc·

150 1427 329 1505 peccatum
349 1415 536 1480 nominatur
557 1411 680 1479 malum
697 1409 828 1499 culpae,
853 1413 945 1500 qnod
966 1423 1020 1479 est
1040 1431 1137 1479 aver·

151 1506 205 1570 sio
226 1523 248 1567 a
268 1498 344 1567 Deo
368 1499 530 1566 etodium
550 1499 627 1579 Dei,
661 1501 751 1586 quod
783 1520 995 1587 nequaquam
1017 1496 1136 1576 efficit,

151 1589 222 1658 Sed
232 1606 361 1674 poenae
373 1598 451 1652 sunt
473 1587 718 1653 destructiones
739 1606 852 1653 rernm
867 1596 925 1651 aut
943 1605 1135 1671 corporum,

150 1687 189 1743 nt
209 1674 374 1752 incendia,
398 1670 534 1752 diluvia,
557 1673 677 1752 morbi,
710 1669 836 1738 fames:
868 1683 927 1739 aut
959 1673 991 1736 in
1026 1671 1137 1739 animo

150 1780 259 1848 pavor
280 1769 339 1825 aut
356 1756 459 1826 dolor
478 1756 680 1825 horribiliter
701 1759 845 1845 puniens
861 1778 915 1837 ea,
936 1755 1016 1824 talis
1026 1776 1136 1843 poena

152 1858 204 1914 ast
225 1866 312 1931 opus
334 1844 478 1912 iustitiae
488 1843 566 1924 Dei,
583 1856 617 1910 et
637 1847 827 1911 nominatur
847 1842 969 1910 malum
990 1862 1135 1931 poenae,

152 1952 194 1999 sa
236 1955 256 1999 e
333 1944 387 1999 tur
420 1931 471 1997 sic
503 1926 686 2017 loquuntur
707 1929 897 2019 Prophetae
919 1929 1029 1996 Deum
1048 1928 1136 1995 haec

153 2105 166 2170 i
208 2104 258 2171 m·
333 2037 433 2098 cere,
473 2016 507 2082 id
535 2028 608 2099 ast,
639 2015 704 2083 has
732 2038 862 2105 poenas
895 2014 985 2084 velle
1000 2022 1003 2029 '
1018 2017 1137 2084 ordine

165 2124 209 2172 us
248 2124 311 2171 tae

240 2242 296 2309 Sic
317 2240 474 2308 {eremias
500 2241 606 2327 inquit
632 2243 667 2307 in
687 2239 830 2307 'l'hrenis
847 2240 956 2327 capite
976 2239 1008 2308 3.
1052 2239 1136 2315 Quis

154 2328 249 2395 dixit:
278 2347 321 2393 ex
342 2349 402 2394 ore
423 2324 576 2395 altissimi
596 2346 660 2393 nec
681 2328 771 2394 hona
791 2346 857 2393 nec
877 2324 966 2393 mala
987 2328 1135 2393 veniunt.

152 2412 218 2482 Ubi
240 2415 396 2502 obiurgat
406 2413 604 2500 Epicureos,
625 2415 683 2501 qni
704 2415 871 2480 somniant
890 2433 948 2480 res
969 2413 1136 2481 secundas

151 2512 186 2568 at
204 2501 369 2568 adversas
392 2520 477 2567 casn
499 2501 663 2568 accidere.
764 2518 773 2559 .·
867 2534 873 2545 ·

239 2636 364 2705 Similis
386 2639 575 2726 obiurgatio
598 2648 651 2705 est
672 2636 868 2725 Zophoniaa
887 2638 1012 2725 primos
1035 2637 1138 2708 Seru·

150 2726 250 2791 tabor
270 2720 452 2793 ierusalem
473 2722 632 2807 lucernis,
665 2736 700 2792 et
732 2725 875 2790 visitabo
909 2730 949 2789 sd
994 2744 1012 2809 r
1043 2724 1136 2791 viros

152 2810 283 2879 defixos
303 2810 340 2878 lu
361 2808 492 2881 lecihms
509 2813 591 2890 suis,
615 2812 672 2898 qui
694 2812 807 2877 dicunt
827 2811 860 2876 in
877 2831 938 2876 cor
972 2812 1036 2875 hus
1053 2810 1135 2882 suis,

151 2917 220 2963 non
241 2894 342 2964 lactet
362 2900 448 2966 hene
469 2896 654 2978 Dominus,
687 2908 721 2963 et
746 2918 815 2964 non
842 2892 943 2963 faciet
963 2892 1070 2976 male,
1103 2905 1137 2963 et

241 3120 302 3189 Sic
322 3134 356 3189 et
377 3124 499 3190 dictum
520 3122 628 3189 Amos
649 3119 872 3209 intelligaturt
903 3120 1024 3187 'lhistis
1079 3142 1137 3189 ue·

153 3205 229 3274 reia
251 3219 304 3275 est
328 3210 370 3276 de
393 3229 559 3276 concursu
582 3204 760 3275 multarum
783 3205 1019 3275 calamitatum.
1049 3288 1060 3293 -
1092 3229 1136 3275 on

154 3306 207 3361 cst
227 3293 351 3361 malum
383 3316 531 3383 poenae,
564 3296 654 3381 quod
685 3316 754 3360 non
776 3293 894 3361 lecerit
913 3292 1079 3361 Dominus
1101 3294 1137 3359 in

154 3382 300 3462 civitate,
330 3383 365 3448 id
397 3395 472 3464 est,
516 3381 612 3449 Deus
645 3383 798 3448 omnihus
832 3381 1013 3469 &neribus
1047 3378 1137 3446 cala·

145 3468 312 3548 ¹mitatum,
343 3466 446 3549 hello,
477 3466 579 3547 lame,
610 3464 667 3534 lue
695 3479 729 3534 et
756 3469 858 3535 variis
881 3467 1050 3535 aerumnis
1072 3486 1137 3555 nos

152 3557 257 3640 ponit.

240 3692 295 3758 Sic
328 3702 362 3756 et
378 3664 482 3778 'apud
515 3691 601 3758 lesa.
635 3692 745 3778 capite
766 3690 819 3757 dd.
863 3688 938 3777 Ego
960 3689 1058 3758 Deus
1086 3687 1136 3757 lh·

152 3777 249 3845 oiens
269 3797 387 3864 pacem
408 3790 442 3843 et
464 3798 585 3845 creans
606 3776 749 3859 malum,
782 3779 825 3845 de
853 3781 955 3844 rebus
976 3778 1136 3846 secundis

152 3875 187 3935 et
207 3865 325 3953 poenis
346 3860 560 3953 intelligatur.

332 4196 565 4281 Tertium
595 4210 952 4312 argumentum.

211 4384 509 4470 Determinatio
540 4386 677 4470 divina
708 4399 772 4472 est
799 4388 1074 4495 immutabilis,

214 4504 363 4591 Omnia
409 4508 686 4619 contingentia
731 4521 828 4593 sunt
864 4510 1136 4595 determinata

271 4629 314 4710 in
343 4641 484 4719 mente
516 4628 664 4733 divina,

209 4746 318 4861 Ergo
357 4749 494 4833 omnia
538 4749 813 4861 contingentia
856 4765 952 4836 sunt
983 4753 1137 4849 immu-

269 4871 420 4977 tabilia,
452 4884 495 4954 et
524 4901 598 4984 per
618 4900 870 4983 consequens
900 4874 1136 4958 necessaria.

236 5051 441 5138 Respondao
463 5054 507 5119 ad
527 5055 704 5120 maioremt
726 5053 778 5121 Ex
798 5055 1071 5123 determinatione
1089 5058 1137 5126 di·

150 5138 240 5222 vina,
268 5151 397 5207 tantum
417 5142 607 5209 necessitas
630 5142 888 5229 consequentiae
910 5144 1078 5229 seqnitur,
1103 5156 1138 5212 et

1359 1557 1603 1663 Quartum
1633 1546 2015 1672 argumentum

1248 1797 1407 1885 Causae
1439 1801 1641 1885 secundae
1669 1831 1752 1886 non
1773 1814 1902 1914 agunt
1921 1804 2007 1885 sine
2028 1802 2170 1915 prima,

1246 1921 1356 2033 Ergo
1392 1950 1488 2005 oum
1528 1923 1733 2007 secundae
1764 1935 1905 2035 agunt,
1942 1924 2169 2007 necessario

1307 2042 1462 2156 primae
1493 2043 1612 2126 simul
1642 2057 1780 2165 agunt

1275 2256 1526 2344 Simplicisslma
1554 2271 1588 2325 et
1620 2260 1868 2347 expeditissima
1894 2261 2071 2348 responsio
2104 2270 2171 2342 eet,
2202 2276 2213 2297 ‘

1189 2348 1359 2413 secundas
1380 2367 1448 2413 nan
1471 2367 1574 2434 agere
1596 2348 1668 2414 sine
1690 2348 1796 2432 prima
1828 2358 2050 2427 sostentante,
2083 2367 2172 2434 quae

1187 2443 1300 2499 tamen
1320 2430 1488 2499 liberrime
1520 2435 1708 2514 concurrit,
1740 2436 1810 2522 agit
1842 2447 2001 2520 quantum
2032 2431 2105 2500 vult
2136 2447 2173 2503 at

1188 2518 1460 2673 1εξιιιιιιιιιιιῖθδιὶιίιιίὶί,
1482 2531 1517 2587 et
1529 2516 1634 2625 ,aliter
1650 2523 1821 2672 corppur‘pit
1840 2523 1875 2586 in
1897 2521 2055 2674 rssgeppis
2075 2521 2177 2629 moti-¹
2206 2552 2242 2635 κ,

1187 2626 1338 2773 nihii
1352 2704 1387 2757 a
1407 2626 1563 2759 ,tat
1589 2618 2173 2774 saturitatibus

1188 2778 1242 2845 cui
1269 2780 1411 2865 praehet
1439 2779 1541 2846 vitam
1572 2790 1720 2860 tantam,
1747 2779 1911 2865 tantisper
1943 2780 2054 2846 donec
2086 2777 2192 2861 vult·

1187 2866 1283 2930 cuius
1306 2863 1463 2932 voluntas
1484 2864 1588 2930 hahet
1607 2885 1703 2933 snam
1736 2868 1903 2951 quandam
1934 2877 1968 2933 et
1999 2867 2171 2953 propriam

1091 3017 1098 3021 .
1186 2951 1364 3033 actionem,
1385 2972 1453 3018 non
1476 2948 1654 3038 impellitur
1676 2952 1720 3018 ad
1740 2951 1832 3018 mala
1852 2974 1875 3019 a
1896 2952 1991 3018 Dect
2025 2972 2168 3019 necesse

1187 3049 1241 3104 ost
1260 3039 1346 3104 enim
1368 3038 1515 3106 discerni
1541 3038 1651 3105 Deum
1674 3060 1695 3105 a
1725 3041 1901 3118 creaturis,
1922 3040 2101 3106 essentiam
2121 3040 2171 3105 in·

1187 3127 1335 3191 creatmn
1354 3127 1399 3191 ab
1416 3126 1573 3193 essentiis
1595 3127 1729 3193 creatis.
1773 3124 1855 3192 item
1872 3124 2028 3193 diversos
2049 3126 2171 3193 modos

1187 3206 1326 3363 agppdi,
1342 3212 1649 3385 nrpffppmlibtpgendi
1676 3210 1875 3315 naturaliter
1895 3232 1965 3280 nno
1986 3212 2106 3293 modo,
2137 3221 2173 3279 et
2212 3290 2216 3297 ¹

1187 3318 1221 3363 m
1266 3319 1322 3365 um
1454 3320 1484 3363 re
1554 3321 1601 3365 re.
1862 3334 1870 3344 ·

1354 3620 1594 3732 Quintum
1629 3644 2002 3744 argumentum.
2148 3674 2152 3683 ·

1274 3845 1425 3913 cttantur
1455 3849 1545 3915 dicta
1573 3859 1610 3915 ut
1631 3846 1734 3933 Ephe.
1773 3856 1803 3916 l.
1846 3822 1958 3915 Electi
1984 3849 2170 3917 secundum

1109 4012 1111 4016 Ι
1186 3935 1395 4087 propositum
1416 3936 1499 4014 eius,
1522 3937 1578 4020 qui
1599 3932 1681 4000 facit
1708 3936 1818 4002 omnia
1847 3937 2032 4004 meandum
2062 3936 2171 4001 corasi-

1202 4024 1266 4088 ium
1288 4022 1470 4089 voluntatis
1502 4040 1597 4102 suae,
1624 4032 1663 4088 et
1686 4023 1716 4088 l.
1739 4021 1892 4089 Corinth.
1916 4023 1968 4089 12.
2013 4021 2094 4087 item
2116 4033 2170 4088 est

1187 4109 1283 4175 Deus
1303 4128 1410 4194 agens
1432 4107 1543 4172 omnia
1563 4109 1598 4173 in
1620 4110 1783 4174 omnihus.
1826 4109 1890 4175 llic
1918 4109 2072 4174 monendi
2094 4119 2172 4173 snnt
2263 4118 2277 4131 ‘

1187 4196 1348 4273 iuniores,
1380 4194 1465 4259 haec
1486 4193 1586 4271 dicta¹
1604 4216 1671 4259 non
1697 4193 1959 4282 loqui-Physioo
1983 4214 2092 4273 nrore,
2127 4195 2205 4259 de·
2256 4198 2259 4203 '

1188 4281 1340 4349 omnibus
1362 4282 1506 4346 motibus
1528 4283 1685 4347 materiae
1715 4295 1745 4346 et
1775 4283 1919 4347 omnium
1946 4281 2169 4345 aninmntium.
2208 4342 2235 4372 ,ι

1188 4368 1258 4434 Sed
1279 4378 1405 4432 tantum
1435 4368 1476 4432 de
1508 4369 1606 4433 honis
1636 4379 1669 4433 et
1700 4366 1902 4433 salutaribus
1924 4367 2113 4431 actionibus
2134 4366 2178 4431 in·

1187 4450 1357 4519 Ecclesia:
1392 4450 1486 4518 Sicut
1506 4452 1573 4518 hoc
1595 4454 1736 4533 dictum,
1767 4453 1842 4541 Ego
1872 4473 1945 4539 sum
1978 4454 2074 4531 vitis,
2105 4472 2170 4518 vos

1211 4538 1355 4620 almites,
1376 4539 1456 4606 Sine
1478 4560 1532 4606 me
1552 4537 1634 4606 nihil
1654 4541 1796 4627 potestis
1818 4539 1942 4618 facere,
1965 4534 2095 4605 scilicet
2116 4558 2170 4605 sa·

1187 4563 1296 4692 lutare
1318 4626 1415 4691 vobis
1440 4636 1473 4691 et
1493 4624 1677 4692 Ecclesiae.
1723 4627 1809 4692 Sunt
1842 4638 1952 4691 autem
1980 4625 2171 4690 testimonia

1188 4725 1222 4780 et
1245 4709 1494 4779 consolationes
1517 4710 1742 4792 dulcissimae,
1788 4733 1851 4778 uae
1871 4709 2038 4778 affirmant
2058 4711 2169 4777 Deum

1189 4810 1223 4866 et
1243 4798 1422 4864 Dominum
1451 4810 1601 4865 nostrum
1624 4799 1732 4865 lesum
1755 4732 1924 4865 (lbrtstum
1946 4819 2026 4865 vere
2046 4799 2170 4863 adesse

1188 4883 1375 4965 Ecclesiae,
1398 4896 1433 4951 et
1455 4886 1486 4949 ei
1507 4906 1603 4970 opem
1626 4884 1725 4963 ferre,
1747 4898 1780 4951 et
1801 4882 1888 4951 velle
1909 4897 1945 4950 ut
1962 4897 2114 4971 petamus
2135 4894 2170 4949 et

1189 4984 1403 5057 expectemus
1429 4968 1585 5037 auxilium
1612 4974 1768 5053 divinum,
1802 4973 1889 5039 sicut
1920 4973 2025 5057 inquit
2053 4970 2170 5036 Domi·

1188 5060 1269 5125 nus:
1291 5057 1399 5122 Petite
1420 5070 1456 5123 et
1476 5052 1658 5143 accipietis.
1703 5058 1803 5138 ltem,
1826 5057 1959 5132 Quanto
1981 5058 2088 5145 magis
2112 5076 2169 5140 pa·

1187 5158 1240 5213 ter
1260 5154 1373 5271 vepter
1406 5140 1565 5211 coelestis
1592 5146 1684 5214 dabit
1705 5145 1863 5233 Spiritum
1884 5156 2036 5212 sanctum
2056 5154 2190 5253 peteo-⁸
