4628 5588
176 203 318 272 ast·
618 212 621 217 ·
813 195 1379 267 mammaemammal
1398 162 1579 266 mcum
1889 214 1892 220 ·
2129 206 2196 276 aaa

173 392 286 460 omnia
306 409 381 455 mea
402 400 545 475 peecata
564 402 703 475 propter
723 389 832 455 lesum
852 387 1020 455 Christum
1040 386 1159 455 Filium
1208 393 1445 474 ἐπιχαιρέκακος,
1469 386 1652 453 delectatur
1672 386 1824 456 horribili
1850 393 1985 458 miseria
2012 390 2194 480 hominum,

172 492 265 547 tuum
284 475 467 543 Dominum
487 487 651 556 nostrum,
674 476 870 542 crucifixum
890 497 952 561 pro
980 477 1097 556 nobis,
1125 488 1158 540 et
1210 497 1285 541 cum
1312 495 1373 540 eos
1403 476 1573 540 erroribus
1600 472 1787 542 fascinatos
1820 477 1949 563 impulit
1979 482 2013 546 in
2046 482 2191 550 exitium.

172 562 521 646 muraenulam
537 563 701 627 καιιίιόνα
714 585 771 627 ooo
789 561 900 644 ἀΐδιοι,
912 582 1010 649 quem
1021 561 1158 628 voluisti
1210 563 1279 628 Sed
1300 575 1410 628 tamen
1431 581 1573 629 neeesse
1601 574 1654 627 est
1682 566 1756 648 pios
1780 569 1908 631 moneri
1936 567 1978 632 de
2008 564 2073 632 illis
2102 565 2194 637 furo

171 672 235 739 pro
257 652 356 716 nobis
378 669 457 716 esse
479 651 646 716 victimam
667 655 718 713 aci
738 654 934 730 pactapact
956 653 1067 728 intrav,
1099 649 1158 714 mi·
1207 650 1314 727 ribus,
1336 660 1373 713 ut
1389 648 1554 714 adversus
1573 665 1633 714 eos
1651 669 1733 714 vera
1755 650 1906 718 doctrina
1927 654 2117 720 muniantur
2136 676 2193 740 pe-
2287 731 2290 736 Ι

170 738 279 805 raudo
312 747 345 802 ct
364 735 579 801 hrcnarrabili
601 733 761 816 consilio,
794 748 828 801 ct
849 735 1035 814 sanctifica,
1059 736 1156 815 doce,
1209 748 1317 813 ctora‚
1332 736 1404 800 imo
1425 746 1463 800 ut
1483 737 1581 800 etiam
1603 737 1796 802 ardentibus
1819 741 1907 803 votis
1924 741 2061 806 assidue
2083 738 2193 809 Deum

173 827 343 914 gnbema,
375 824 524 889 accende
546 823 651 888 corda
673 833 706 888 et
727 822 855 887 animas
876 833 1010 888 nostras
1033 822 1158 906 Spiritu
1209 841 1360 899 oremus,
1392 832 1429 886 ut
1450 831 1588 907 propter
1610 820 1747 903 Filium,
1781 822 1907 908 Spiritu
1935 830 2054 891 sancto
2076 848 2193 894 veram

173 921 292 977 sancto
314 919 384 987 tuo,
408 906 531 997 collige
553 910 612 974 tibi
633 928 767 994 semper
777 906 963 974 Ecclesiam
987 921 1157 974 aeternam
1208 909 1393 974 doctrinam
1416 909 1459 972 ab
1480 905 1795 992 ipsopateiactam,
1817 923 1850 976 ct
1872 933 1988 977 veram
2010 915 2192 979 invocatio·
2296 980 2302 995 ‚

171 998 356 1075 internos,
380 1006 505 1061 eteam
528 994 648 1082 regito,
670 1007 704 1060 et
726 995 819 1060 daci
840 993 1020 1080 tranquilla
1042 1008 1075 1060 et
1096 993 1157 1060 bo·
1208 1013 1283 1061 nem
1310 996 1344 1059 in
1371 994 1536 1060 mentibus
1557 996 1683 1060 nostris
1705 999 1885 1078 accendat,
1918 1019 1983 1064 nec
2013 1000 2102 1064 sinat
2128 1020 2212 1092 nost

171 1093 269 1150 nesta
291 1079 447 1166 hospitia,
469 1083 583 1168 mitiga
605 1102 744 1166 poenas,
767 1092 800 1147 et
820 1082 854 1145 in
876 1081 926 1146 ira
943 1093 1001 1147 tua
1017 1081 1155 1147 iustissi·
1208 1082 1251 1146 ab
1274 1082 1349 1166 ipso
1371 1083 1540 1161 aberrare,
1562 1082 1623 1146 sed
1645 1096 1784 1168 propter
1800 1104 1895 1150 suam
1917 1083 2055 1172 gloriam
2073 1089 2193 1172 guber·

170 1191 238 1250 ma,
258 1169 440 1233 immensae
463 1168 714 1234 misericordiae
734 1168 941 1247 recordans,
973 1179 1010 1233 ut
1031 1169 1076 1234 sit
1097 1165 1157 1232 ali·
1207 1177 1266 1232 net
1286 1187 1363 1246 noa,
1383 1179 1420 1232 ut
1442 1188 1521 1233 vere
1542 1169 1650 1252 ipsum
1673 1190 1908 1255 agnoscamus,
1933 1184 1967 1236 et
1983 1174 2192 1255 invocemus,
2290 1216 2294 1221 -

171 1274 240 1342 qua
259 1251 417 1319 Ecclesia
443 1264 477 1319 te
505 1274 585 1320 vere
605 1255 769 1320 invocans
791 1242 828 1319 et'
847 1249 1043 1335 celebrans,
1071 1255 1158 1321 sicut
1208 1253 1299 1405 pund
1324 1264 1362 1319 ut
1387 1255 1421 1319 in
1443 1255 1543 1320 nohis
1571 1253 1714 1337 efficiat,
1742 1268 1813 1323 toto
1845 1271 1985 1343 pectore
2014 1278 2089 1327 eum
2118 1280 2191 1341 oro,

170 1340 364 1429 promisisti,
385 1339 558 1426 inquiens:
592 1337 735 1429 Propter
751 1361 872 1406 nomen
894 1362 1003 1406 meum
1024 1361 1157 1408 amove·
1241 1360 1329 1406 meu.

105 1482 112 1495 .
171 1431 217 1492 bo
238 1423 386 1492 furorem
407 1448 527 1507 meum,
550 1438 584 1492 et
605 1424 705 1492 laude
729 1447 802 1492 mea
812 1426 955 1492 frenabo
977 1439 1022 1509 te,
1043 1449 1087 1494 ne
1108 1429 1158 1492 in·

169 1524 292 1578 tersas.
337 1510 481 1597 Propter
510 1533 577 1590 me,
610 1525 748 1601 propter
767 1533 822 1578 me
849 1510 988 1594 faciam,
1008 1525 1046 1581 ut
1068 1511 1159 1580 blas·
1294 1493 1386 1561 1⁴⁰⁰ss
1420 1496 1462 1562 (¹⁰
1497 1476 1603 1602 PlllJ⁰
1636 1495 1776 1602 still⁰¹¹10
1811 1496 1979 1577 Sfflb⁰ll‚
1994 1566 1997 1570 .
2013 1497 2125 1565 Credi)
2157 1501 2192 1589 11¹

170 1598 284 1685 phemi
307 1594 562 1693 confundantur,
914 1678 919 1687 ῃ
1209 1601 1309 1646 ιιιιιιιιι
1342 1582 1452 1648 Deum
1491 1595 1759 1666 omnipotentem.
1867 1586 1978 1671 quitur
2020 1587 2190 1653 secundus

1208 1668 1381 1735 Articulus
1404 1671 1447 1735 dc
1470 1667 1655 1735 Creatione.

258 1750 352 1818 'l'alis
382 1749 490 1819 forma
523 1752 682 1819 discernit
708 1774 823 1820 veram
845 1755 1092 1820 invocationem
1113 1756 1157 1819 ab

171 1839 317 1918 ethnica,
341 1837 484 1904 Turcica
506 1852 541 1904 ct
561 1841 710 1919 ludaica,
734 1853 768 1905 et
789 1841 832 1905 dc
849 1838 962 1906 multis
983 1840 1060 1906 fidei
1083 1841 1158 1905 arti·

173 1925 276 2005 culis,
302 1936 336 1990 et
357 1925 545 2011 praecipuis
562 1927 840 2013 promissionibus
863 1937 897 1992 et
919 1925 1158 1994 consolationi·

175 2014 239 2078 bus
259 2013 332 2096 pias
354 2024 484 2079 mentes
508 2008 773 2078 commonefacit.

1239 2084 1531 2202 succubus
1561 2086 1880 2174 Aauuuuus
1904 2083 2173 2175 ammom

257 2202 433 2267 ¹²⁰⁵“⁰¹¹¹⁰
463 2212 497 2266 ⁰⁸
518 2199 585 2266 ¹¹⁰⁰
608 2212 701 2266 ⁰⁰“0
723 2212 921 2281 ⁸1⁸¹¹¹³⁰¹¹¹⁸⁹
950 2222 1014 2268 ¹¹⁶⁰
1042 2199 1179 2286 ⁹¹⁰¹'⁰⁸·
1470 2242 1545 2324 ou
1590 2240 1925 2328 carantena.

34 2301 46 2315 ·
80 2287 84 2293 '
171 2305 336 2372 personas
359 2288 551 2365 divinitatis,
573 2308 673 2373 quam
694 2299 764 2353 tres
787 2307 877 2368 esse,
897 2308 961 2353 nec
979 2291 1156 2372 pauciores

96 3504 102 3508 '
171 3514 288 3560 omnes
310 3490 455 3575 furores,
477 3497 625 3584 gentium
649 3506 682 3562 ct
704 3492 843 3562 aliarum
866 3508 1046 3577 sectarum,
1068 3518 1155 3585 quae
1206 3497 1287 3610 bei,

104 4790 122 4825 Χ

129 3072 137 3086 “
170 3064 279 3169 ipsas,
298 3083 399 3216 apppae
430 3065 465 3129 in
497 3065 610 3130 verbis
633 3065 786 3150 baptismi
808 3078 1035 3131 recensentur.
1078 3066 1156 3131 Non

87 3191 93 3201 -
170 3161 270 3236 rgrtur
331 3152 340 3169 ’

171 2391 262 2453 esse,
283 2394 349 2439 nec
370 2372 465 2438 alias.
500 2373 630 2459 ,Sitque
652 2394 787 2459 semper
807 2375 841 2439 i'n
864 2387 1049 2460 conspectu
1070 2375 1157 2441 haec
1206 2391 1210 2400 “

171 2460 335 2524 doctrina.
379 2459 455 2530 Non
478 2457 575 2524 aliter
596 2460 639 2524 de
660 2461 808 2525 essentia
841 2470 874 2525 ct
896 2461 1070 2526 voluntate
1091 2461 1158 2526 Dei
1446 2448 1636 2559 Sequitur
1666 2451 1708 2532 in
1739 2448 1952 2561 symbolo:

171 2546 379 2611 sentiendum
396 2565 485 2625 esse,
509 2566 609 2632 quam
630 2547 717 2611 sicut
737 2566 776 2611 se
798 2542 956 2632 patefecit
974 2549 1064 2630 ipse,
1086 2550 1157 2613 iux·
1773 2566 1779 2584 ·

169 2645 205 2697 ta
225 2629 308 2697 illud
317 2654 330 2692 ι
349 2630 482 2697 Patrem
503 2653 602 2698 nemo
624 2634 730 2713 novit,
751 2632 951 2713 nisiFilius,
975 2646 1008 2698 et
1029 2633 1083 2697 cui
1104 2634 1174 2698 Fa·
1208 2629 1414 2728 Ilipam-em
1442 2633 1541 2727 spel}
1575 2644 1615 2726 gt
1642 2645 1778 2729 tempe
1820 2635 2024 2729 visibilium
2062 2647 2103 2729 et
2130 2662 2187 2730 m.
2280 2664 2287 2676 ·

169 2715 235 2782 lius
257 2715 348 2785 volet
367 2714 529 2785 revelare.
551 2718 644 2798 ltem,
666 2706 765 2785 llunc
786 2721 909 2785 audite.
948 2718 1083 2785 Certum
1105 2729 1157 2784 est
1777 2709 1789 2742 '

171 2814 281 2869 autem
298 2825 341 2871 ex
362 2806 529 2890 baptismo
551 2803 688 2886 Christi,
711 2816 744 2871 et
762 2826 804 2870 cx
825 2804 938 2870 multis
960 2807 1156 2871 testimoniis
1489 2760 1691 2866 visibilium
1722 2775 1899 2867 Omnium.

171 2890 293 2971 citatis,
316 2902 386 2956 tres
408 2910 573 2975 personas
597 2891 753 2958 divinitus
782 2888 968 2976 patefactas
992 2911 1087 2971 esse,
1122 2903 1156 2957 et
1194 2958 1203 2971 ‚

169 2972 236 3043 ¹¹⁶⁰
267 2974 383 3063 plures
415 2998 480 3043 ¹¹0⁰
511 2974 595 3042 1111111
623 2976 814 3062 111111111οω5
837 2998 914 3044 ⁰⁸⁸⁰
936 2991 1069 3065 l'laeter
1091 2978 1187 3044 ¹¹³⁸*
1293 3008 1336 3075 Et
1358 3013 1400 3076 de
1420 3008 1496 3077 Deo
1517 2994 1688 3077 illustrior*
1697 3013 1815 3079 notitia
1837 3008 1982 3099 fulgeret
2015 3014 2049 3077 in
2069 3008 2186 3079 meu'ti·

1206 3098 1272 3161 bus
1293 3094 1471 3179 hominum,
1494 3101 1523 3164 si
1539 3099 1625 3164 haec
1642 3096 1812 3166 hominum
1828 3103 1948 3165 natura
1964 3120 2031 3164 non
2049 3099 2188 3188 langue·

1205 3181 1296 3250 lacta
1328 3197 1421 3251 esset
1453 3194 1531 3271 post
1564 3186 1661 3251 Adae
1692 3184 1840 3272 lapsum,
1880 3197 1914 3251 et
1945 3184 2108 3253 articulus
2148 3187 2190 3251 de

1207 3269 1384 3337 Creatione
1405 3275 1512 3358 magis
1534 3271 1785 3358 intelligeretur,
1807 3286 1840 3338 et
1861 3273 1894 3337 in
1918 3292 1958 3337 eo
1980 3274 2086 3359 magis
2110 3292 2189 3338 con·

1206 3359 1394 3442 spicerctur
1414 3358 1522 3424 llcus.
1573 3360 1671 3425 Nunc
1692 3368 1774 3425 vero
1798 3371 1831 3424 et
1853 3361 1885 3423 in
1902 3358 1972 3423 'hac
1994 3370 2087 3423 tanta
2110 3355 2188 3425 cali·

1207 3447 1284 3509 vine
1311 3456 1344 3510 et
1376 3444 1602 3510 imbecillitate
1635 3445 1802 3511 hominum
1833 3447 2018 3509 intueamur
2050 3448 2189 3512 verbum

236 3246 260 3303 t·
363 3172 401 3230 e,
431 3161 491 3217 ant
522 3146 637 3236 plures
670 3161 729 3218 aut
756 3154 933 3236 pauciores
956 3153 1156 3239 cogitandae

172 3255 235 3301 sun
505 3256 510 3266 ’

256 3406 301 3473 Ει
337 3406 393 3473 hic
425 3429 446 3486 a
486 3409 549 3494 piis
584 3408 760 3474 mutuandi
797 3416 832 3474 et
862 3411 1042 3476 execrandi
1076 3422 1155 3477 sunt

1321 3552 1387 3618 quo
1415 3533 1562 3597 traditur
1587 3530 1644 3596 hic
1670 3529 1830 3598 articulus
1858 3543 1891 3595 et
1920 3531 1997 3596 inde
2019 3530 2213 3596 discamus

1314 3639 1390 3682 nam
1419 3620 1461 3683 de
1482 3617 1661 3684 Creatione
1684 3630 1718 3683 et
1743 3619 1785 3683 de
1807 3619 1999 3702 praesentia
2020 3615 2096 3696 Dei,
2130 3617 2187 3703 qui

1206 3704 1302 3769 adest
1325 3705 1504 3785 creaturis,
1536 3714 1570 3770 et
1593 3706 1635 3769 de
1655 3705 1696 3768 iis
1731 3705 2010 3784 circumstantiis,
2039 3722 2124 3787 quas
2150 3702 2209 3769 ln·

1205 3789 1271 3856 hac
1292 3792 1486 3880 quaestione
1509 3787 1667 3877 explicari
1685 3810 1828 3856 necesse
1850 3786 1915 3855 est.

168 3582 258 3648 hanc
294 3581 480 3647 doctrinam
512 3593 753 3667 corruperunt,
793 3594 830 3648 ut
852 3581 995 3649 'Ethnici
1027 3582 1155 3649 infinita
1206 3617 1312 3682 domi

169 3663 261 3733 idola
289 3669 506 3749 invocarunt,
535 3690 622 3756 quae
650 3671 714 3736 etsi
741 3667 842 3755 aliqui
875 3667 1153 3757 philosophantes

170 3763 281 3821 astute
302 3754 508 3841 interpretati
530 3767 620 3834 suut,
642 3769 755 3822 tamen
777 3760 844 3823 inte
886 3758 1067 3823 retationes
1084 3778 1152 3825 non

170 3861 234 3907 con
300 3853 361 3906 unt
385 3843 430 3908 ad
457 3863 572 3908 veram
594 3845 779 3910 doctrinam
794 3845 837 3909 de
893 3865 953 3925 eo,
978 3855 1154 3911 sonantem
2177 3901 2179 3906 .

168 3927 204 3993 iu
221 3863 388 3995 aliculam
432 3926 491 3995 Sic
513 3928 696 4010 Hesiodus,
723 3933 774 3996 sic
796 3929 1021 3997 Valentiniani
1048 3930 1154 3996 inlini·
1209 3980 1213 3986 .
1291 3929 1345 3995 Ac
1367 3930 1507 4013 primum
1528 3928 1594 3993 hae
1615 3929 1700 3993 duae
1719 3948 1843 3995 causae
1858 3929 2036 3994 creationis
2055 3930 2189 4013 semper

171 4025 240 4080 tam
257 4016 389 4081 turbam
411 4016 549 4083 deorum
570 4019 814 4105 excogitarunt,
846 4015 1035 4084 Manichaei
1057 4019 1154 4098 duos,
1203 4017 1239 4081 in
1268 4027 1453 4102 conspectu
1480 4017 1561 4095 sint,
1592 4013 1751 4081 Eificiens
1780 4027 1814 4081 et
1845 4013 1982 4080 Finalls.
2026 4013 2187 4079 Efficiam
2273 4026 2279 4045 ⁸

169 4098 495 4192 Bonumethlalum,
516 4123 580 4168 seu
626 4107 669 4179 ὥς
689 4110 740 4168 acl
761 4103 883 4186 σκότος,
935 4107 1036 4170 ariter
1058 4125 1155 4170 coae-
1206 4115 1259 4169 est
1279 4103 1375 4167 Deus
1392 4113 1549 4170 aeternus
1571 4103 1672 4168 Pater
1693 4102 1826 4169 Domini
1855 4103 1961 4166 nostri
1989 4104 2064 4167 lesu
2092 4098 2187 4165 Chri·

169 4200 285 4255 terum
316 4188 520 4256 conditores.
554 4207 558 4214 ·
610 4191 803 4269 ahometus,
835 4201 872 4256 ut
952 4203 1155 4273 mosateuus,
1206 4192 1260 4271 sti,
1282 4209 1351 4254 nna
1373 4210 1448 4256 cum
1460 4187 1544 4255 Filio
1565 4210 1628 4254 suo
1651 4204 1842 4260 coaetemo‚
1866 4190 1921 4275 qui
1933 4199 2075 4253 vocatur
2097 4185 2187 4266 λόγος

171 4275 342 4342 contendit
351 4275 483 4342 unicam
500 4296 577 4343 esse
594 4297 786 4363 personam,
807 4275 918 4345 Deum
934 4279 1153 4359 conditorem,
1205 4282 1256 4340 nat
1278 4275 1367 4340 slacio
1388 4275 1489 4342 ἀϊδίου
1511 4275 1641 4362 καιρὰς,
1675 4288 1708 4342 et
1731 4298 1806 4342 cum
1828 4275 1951 4360 Spiritu
1974 4293 2037 4337 suo
2055 4283 2186 4337 sancto.

173 4371 207 4428 et
227 4383 271 4429 ue
295 4374 331 4428 at
352 4382 431 4428 esse
452 4373 598 4445 patrem,
631 4362 765 4429 Domini
787 4365 895 4432 nostri
923 4364 1000 4430 lesu
1029 4361 1155 4430 Christi
1204 4362 1358 4430 Vocatur
1389 4375 1501 4429 autern
1534 4361 1670 4429 Creatio
1701 4364 1837 4448 proprie
1869 4360 2046 4425 fabricatio
2074 4378 2187 4425 rernm
2283 4412 2288 4416 .

170 4450 264 4514 cruci
311 4450 405 4535 'pro
427 4448 539 4529 nobis,
558 4461 592 4513 ct
612 4452 813 4516 resuscitati.
856 4447 900 4516 Et
929 4452 1100 4516 contendit
1120 4452 1153 4516 in
1205 4447 1357 4533 aliarum,
1381 4470 1468 4536 quac
1489 4461 1568 4514 sunt
1589 4459 1684 4515 extra
1706 4450 1884 4514 essentiam
1907 4444 1984 4525 Dei,
2006 4465 2048 4510 ex
2069 4441 2187 4525 nihilo,
2245 4484 2250 4489 -

170 4533 306 4602 Christo
339 4537 467 4602 tantum
507 4554 586 4603 esse
607 4535 785 4602 humanam
806 4550 979 4618 naturam,
1011 4557 1077 4603 nec
1098 4557 1153 4602 as·
1205 4534 1378 4616 videlicet,
1412 4534 1510 4615 coeli,
1538 4548 1665 4615 terrae,
1703 4532 1909 4621 angelorum,
1932 4532 2119 4611 hominum,
2153 4542 2189 4597 et

171 4622 311 4688 sentitur
332 4621 491 4709 Spiritum
513 4632 664 4706 sanctum
686 4643 865 4708 personam
886 4644 981 4705 esse,
1014 4624 1077 4689 sed
1098 4643 1154 4689 co·
1204 4625 1350 4706 omnium
1372 4643 1570 4707 corporum,
1602 4642 1643 4686 ac
1661 4624 1805 4707 'partium
1826 4619 1956 4699 mundi,
1985 4638 2071 4704 quae
2087 4613 2188 4684 labri·

169 4709 255 4796 gitat
276 4728 354 4774 esse
374 4708 590 4797 agitationem
613 4721 759 4794 creatam
779 4712 813 4775 in
834 4706 988 4793 homine,
1011 4721 1049 4778 ut
1075 4711 1154 4777 dici·
1207 4709 1306 4790 catio,
1326 4719 1364 4773 ut
1383 4720 1503 4794 postea
1525 4709 1695 4793 copiosius
1713 4709 1832 4786 dicam,
1853 4726 1923 4772 non
1939 4715 1993 4770 est
2008 4715 2189 4770 coaeterna

171 4813 246 4862 mus
267 4795 425 4862 heroicos
446 4806 558 4863 motus
580 4795 614 4861 ln
635 4797 716 4861 viris
737 4794 889 4864 fortibus.
1205 4794 1292 4875 Deo,
1316 4797 1378 4861 sed
1399 4807 1530 4882 tempus
1552 4795 1707 4861 traditum
1730 4806 1781 4860 est
1793 4795 1827 4859 in
1839 4791 1958 4871 diuise,
1976 4801 2015 4858 ct
2034 4802 2087 4858 est
2097 4786 2189 4856 lacta

204 4889 210 4898 ‘
1206 4882 1376 4949 liberrima
1397 4879 1569 4949 voluntate
1588 4880 1666 4960 Dei,
1689 4892 1726 4947 ut
1746 4891 1866 4967 postea
1887 4880 2005 4946 dicam.
2035 4877 2188 4943 Necesse

258 4964 415 5054 Longum
437 4979 531 5036 esset
558 4970 701 5034 recitare
722 4970 867 5035 omnium
888 4982 1075 5056 temporum
1103 4967 1154 5036 fu·
1207 4956 1269 5035 esi
1289 4969 1376 5035 enim
1396 4970 1535 5053 iunioris
1555 4969 1702 5047 moneri,
1730 4980 1768 5034 ut
1789 4968 1981 5033 discernant
2001 4965 2188 5031 doctrinam

172 5073 289 5135 rores,
321 5074 408 5140 quos
436 5056 560 5141 sparsit
591 5053 746 5122 diabolus
777 5056 812 5121 iu
845 5076 970 5142 genere
995 5056 1154 5137 humano,
1207 5055 1321 5122 allec
1342 5058 1507 5135 traditam,
1529 5055 1672 5120 a'vuriis
1690 5054 1911 5142 opinionibus,
1932 5072 2018 5140 quas
2037 5047 2187 5137 philoso-

173 5141 253 5228 quia
279 5141 391 5215 audet
410 5140 521 5210 Deum
541 5139 743 5210 contumelia
769 5139 923 5224 afficere,
950 5154 985 5211 et
1013 5164 1090 5211 oum
1111 5143 1157 5210 sit
1205 5143 1264 5229 phi
1296 5145 1458 5210 audacter
1480 5141 1666 5224 fluxam,
1691 5162 1776 5230 me
1808 5140 1909 5207 fidem
1943 5149 1976 5205 et
2001 5134 2187 5206 tnvocatto·
2233 5208 2236 5215 ⁴
