4628 5588
164 150 230 240 air
592 164 595 169 ·
795 168 906 238 rum
929 168 1036 237 nar..
1058 128 1249 239 sennua
1269 166 1550 238 aoouarrca.
2115 154 2184 243 aaa

1745 314 1757 341 Ι

138 358 255 431 ¹ualle
270 364 379 450 ipsum
401 361 511 429 Deum
533 362 631 428 nobis
649 382 727 429 sese
749 363 928 428 donantem
944 382 1145 449 agnoscere,
1199 362 1253 442 da,
1272 373 1310 428 ut
1331 362 1436 428 verbo
1457 358 1523 427 Dei
1544 358 1783 444 assentiantur,
1805 374 1996 453 agnoscant
2016 360 2125 429 Deum
2147 374 2184 431 et
2247 348 2254 359 ⁶

161 471 227 516 nec
259 452 330 514 eius
364 448 527 515 beneficia
555 462 669 536 petere
698 446 797 516 velle.
859 449 1035 517 Adversus
1057 447 1146 514 banc
1198 452 1355 515 invocent
1377 469 1464 525 eum,
1486 461 1520 513 et
1541 449 1695 515 accendit
1718 464 1828 515 matus
1850 451 1971 529 bonas,
1999 449 2051 513 sio
2077 462 2114 539 ut
2135 453 2182 517 si·

161 536 432 619 ingratitudinem
450 534 725 602 contumeliosam
748 548 868 602 contra
888 533 1010 617 Deum,
1032 536 1146 601 bisdi·
1198 535 1267 600 mul
1294 547 1424 603 urentes
1454 538 1643 602 intueantur
1674 534 1796 616 Deum,
1826 547 1865 602 ut
1896 537 2034 603 castitas
2057 535 2183 623 loseph

125 624 128 629 ’
162 626 229 701 οῑὶεΙ
248 644 312 688 nas
334 624 537 689 muniamust
571 623 651 688 Sine
672 642 726 688 me
752 620 835 690 nihii
856 623 999 707 potestis
1020 619 1145 691 facere.
1198 621 1348 689 diii‘erta
1379 624 1534 688 castitate
1567 620 1747 709 Scipionis,
1781 624 1859 710 quia
1890 625 1924 688 iu
1957 623 2080 709 loseph
2111 644 2184 689 nan

159 715 253 788 item,
274 709 338 784 Qui
358 731 424 775 nan
447 710 547 775 habet
570 709 728 796 Spiritum
749 707 886 788 Christi,
910 720 1042 775 nonest
1061 710 1144 774 eius.
1197 706 1305 775 salum
1338 704 1510 794 praelucet
1531 706 1631 776 Fides
1664 729 1811 778 accensa
1833 711 1938 776 verbo
1961 708 2025 774 Dei
2043 729 2105 796 per
2127 710 2183 774 Fi·

160 795 204 862 Bt
235 797 325 862 veris
358 798 534 882 gemitibus
568 809 721 882 petamus
744 795 908 862 beneficia
929 795 1004 861 Filii
1025 794 1089 861 Dei
1113 807 1146 860 et
1197 794 1288 875 llam,
1322 796 1383 881 sed
1416 797 1514 860 etiam
1546 797 1579 861 in
1612 797 1688 883 ipsa
1720 798 1875 863 castitate
1907 814 2001 860 mens
2034 796 2182 861 intuetur

161 881 305 967 Spiritus
343 884 470 963 sancti,
509 893 545 947 ut
600 884 659 949 etit
685 881 871 968 Propheta:
893 881 962 947 Cor
989 882 1145 947 mundum
1196 879 1318 962 Deum,
1350 883 1451 947 sentit
1483 902 1522 947 se
1550 885 1592 948 ab
1621 904 1661 948 eo
1697 884 1768 970 regi
1801 894 1835 949 et
1857 882 2059 963 confirmari,
2094 883 2182 948 etei

161 972 241 1036 c'rea
273 968 306 1033 iu
335 990 389 1035 me
422 967 527 1051 Deus,
560 905 598 1033 bl
616 980 680 1049 est,
710 970 791 1036 bide
811 967 1032 1056 purificatum,
1053 980 1146 1033 recte
1197 972 1422 1054 obtemperat,
1465 980 1497 1035 et
1540 970 1652 1057 dirigit
1690 969 1911 1036 obedientiam
1949 970 1994 1035 ad
2026 966 2183 1057 'gloriam

161 1056 313 1141 sentiens
325 1056 368 1121 de
381 1054 466 1136 Dea,
491 1069 524 1120 et
535 1055 693 1143 Spiritum
714 1069 854 1137 rectum,
876 1055 908 1119 id
928 1066 993 1135 est,
1014 1054 1145 1120 firmam
1196 1056 1269 1121 veri
1286 1054 1363 1122 Dei.
1415 1094 1421 1105 ·
1702 1058 1703 1067 ’
1980 1094 1984 1101 -

160 1142 284 1207 innova
305 1141 338 1205 ln
362 1142 549 1209 viseetlbus
571 1143 666 1221 meis,
691 1141 941 1208 continuantem
963 1163 1017 1207 me
1028 1154 1145 1206 cautra

159 1229 384 1315 dubitationes
407 1249 488 1294 vera
512 1226 598 1306 luce,
621 1226 840 1313 depellentem
851 1230 1020 1309 tenebras,
1042 1240 1144 1293 etac·
1281 1224 1433 1293 Recitavi
1456 1226 1641 1300 doctrinam
1662 1225 1818 1293 traditam
1840 1226 1873 1291 in
1896 1223 2068 1314 symbolis
2089 1226 2182 1313 Apo·

161 1317 358 1381 candentem
392 1335 506 1381 veram
529 1316 798 1381 invocationem:
832 1325 865 1380 et
887 1314 1046 1400 Spiritum
1067 1334 1144 1378 san·
1195 1309 1318 1377 stolico
1351 1324 1384 1378 et
1416 1310 1560 1388 Niceno,
1594 1320 1631 1378 et
1660 1314 1694 1378 in
1727 1311 1890 1400 Symbola
1924 1309 2113 1392 Athanasii,
2146 1325 2184 1380 et

160 1412 249 1469 ctum
273 1412 364 1468 tuum
386 1422 429 1467 ne
452 1398 587 1467 auferas
609 1422 628 1467 a
650 1422 715 1481 trie,
737 1403 770 1467 id
794 1413 858 1480 est,
880 1399 1145 1466 sanctificantem
1194 1401 1279 1466 baec
1300 1400 1354 1485 pie
1376 1419 1429 1464 me
1451 1396 1606 1485 amplecti
1627 1398 1772 1464 affirmo.
1815 1398 1948 1465 Damna
1972 1410 2081 1465 autem
2099 1419 2182 1466 con·

159 1506 223 1567 me,
246 1486 379 1553 dantem
396 1497 507 1555 nactas
529 1501 754 1573 congruentes
777 1509 851 1553 cum
874 1488 1027 1553 omnibus
1048 1507 1144 1573 prae·
1195 1487 1318 1551 trarios
1341 1505 1474 1551 errores
1498 1505 1626 1566 amnes,
1648 1487 1704 1572 qui
1725 1507 1801 1553 cam
1822 1489 1890 1552 sint
1908 1485 2013 1565 multi,
2036 1506 2184 1552 necesse

160 1574 266 1663 ceptis
298 1572 374 1639 Dei.
438 1573 553 1640 Redde
585 1575 663 1637 mini
696 1571 854 1639 laetitiam
887 1571 1080 1652 salutarem,
1109 1573 1143 1638 id
1195 1583 1248 1638 est
1270 1592 1331 1638 eas
1353 1573 1579 1651 considerare,
1607 1584 1644 1636 ut
1664 1574 1862 1659 praemuniti
1884 1570 1995 1638 Deum
2017 1592 2097 1638 vere
2130 1573 2182 1637 in·

159 1670 229 1739 est,
260 1657 384 1727 liberes
416 1682 471 1727 me
492 1681 536 1726 ex
554 1656 727 1727 doloribus
748 1661 865 1726 mortis
888 1669 922 1725 et
949 1658 1143 1738 inferarum,
1194 1679 1355 1725 vocemus
1377 1671 1411 1724 et
1433 1656 1654 1738 celebremus,
1688 1670 1723 1725 et
1754 1674 1902 1725 nostram
1935 1659 2183 1725 invocationem

157 1743 304 1813 laetifica
326 1762 386 1812 cor
408 1768 529 1829 meum,
550 1759 587 1812 ut
608 1749 642 1811 in
665 1758 698 1811 te
715 1726 925 1833 acquiescal:
957 1745 1000 1810 Et
1020 1746 1158 1835 Spiritu·
1195 1766 1359 1830 expresse
1381 1747 1423 1811 ab
1445 1745 1596 1810 Ethnicis
1619 1757 1652 1810 et
1675 1748 1718 1811 ab
1741 1744 1928 1810 Haereticis
1950 1747 2044 1809 seiun
2091 1764 2181 1825 mus,

45 1862 48 1869 ·
157 1846 345 1921 spontanea
368 1832 529 1900 confirma
550 1854 614 1913 me,
633 1833 666 1898 id
688 1846 751 1914 est,
772 1835 806 1899 in
829 1853 931 1904 cruce
953 1833 1141 1897 obedienta.
1194 1834 1273 1919 quia
1294 1833 1400 1897 omnis
1432 1833 1621 1910 invocatio,
1654 1852 1742 1918 quae
1762 1852 1784 1897 a
1813 1852 1895 1900 vera
1923 1829 2001 1896 Dea
2034 1853 2053 1895 a
2079 1843 2182 1911 errat,

155 1922 191 1985 ln
213 1918 272 1984 tali
304 1920 518 1986 invocatione
541 1921 796 1986 considerentur
817 1919 1004 1986 discrimina
1025 1939 1142 2005 perso·
1194 1930 1247 1983 est
1277 1922 1387 1984 cuitus
1419 1915 1518 1996 ldali‚
1554 1918 1648 1983 iuxta
1681 1918 1822 1984 dictumt
1855 1916 2035 1983 Dominam
2068 1916 2180 1982 Deum

157 2024 286 2084 uerunt,
307 2006 472 2072 beneficia
494 2004 567 2072 Filii
590 2008 737 2093 propria,
759 2018 794 2073 et
809 2002 869 2071 illa
887 2016 1062 2092 quaesunt
1082 2005 1142 2070 im·
1192 2016 1301 2084 tuum,
1330 2005 1364 2069 id
1386 2016 1456 2084 est,
1480 2005 1537 2070 tibi
1559 2001 1762 2090 patefactum
1783 2003 1817 2069 in
1841 2006 1947 2069 verbo
1969 2002 2091 2068 tradita
2113 2022 2178 2090 per

114 2088 118 2097 '
157 2092 299 2157 mediate
321 2092 464 2177 Spiritus
486 2094 607 2159 sancti.
673 2162 677 2175 p
1193 2089 1311 2157 Patres
1334 2102 1367 2156 et
1388 2088 1588 2177 Prophetas,
1609 2089 1728 2157 Filium
1751 2102 1784 2156 et
1800 2086 1985 2177 Apostolos
2007 2091 2180 2171 adorabis,

161 2228 163 2233 .
1194 2188 1226 2242 ct
1248 2179 1278 2241 ei
1300 2175 1366 2241 soli
1389 2178 1530 2243 servies.
1565 2175 1657 2257 item,
1679 2196 1748 2242 nan
1765 2175 1906 2242 habebis
1928 2173 2025 2241 Deos
2048 2174 2180 2241 alienas

243 2263 344 2329 Addo
368 2277 401 2330 et
422 2264 489 2331 hoc
511 2259 734 2331 testimonium
757 2264 800 2330 de
822 2264 1011 2330 discrimine
1025 2284 1141 2348 perso·
1194 2282 1308 2329 caram
1342 2284 1404 2329 me.
1455 2262 1546 2343 ltem,
1580 2262 1646 2337 Qui
1678 2284 1746 2330 non
1778 2260 1923 2328 honorat
1944 2259 2077 2342 Filium,
2109 2282 2181 2328 non

154 2369 283 2430 uarum,
305 2353 394 2437 quod
416 2363 470 2416 est
490 2353 524 2416 in
546 2351 644 2416 Actis
667 2351 777 2435 eapite
797 2350 830 2416 2.
896 2349 962 2415 Ubi
985 2348 1140 2415 Christus
1192 2350 1336 2415 honorat
1368 2348 1513 2414 Patrem.
1567 2348 1666 2429 ltem,
1702 2350 1809 2415 Nemo
1841 2349 1934 2415 veuit
1968 2348 2012 2414 ad
2044 2347 2181 2415 Patrem

156 2436 358 2501 discernitur
380 2458 401 2501 a
424 2436 523 2517 Patre
545 2451 580 2502 et
601 2458 623 2502 a
645 2438 769 2522 Spiritu
790 2447 923 2515 sancto,
946 2458 1023 2502 cum
1045 2437 1141 2502 dicit:
1192 2437 1257 2502 nisi
1277 2455 1340 2522 per
1361 2434 1492 2501 Filium.
1536 2434 1631 2515 ltem,
1666 2433 1831 2522 Quicquid
1856 2436 2020 2521 petieritis
2043 2433 2181 2501 Patrem

154 2519 304 2589 Dextera
338 2522 402 2589 Dei
430 2520 601 2589 exaltatus
621 2524 792 2611 accipiens
814 2523 1016 2609 promissum
1038 2522 1063 2584 S
1088 2524 1141 2587 iri·
1192 2524 1226 2589 in
1258 2523 1391 2587 nomine
1424 2543 1516 2601 meo,
1549 2522 1642 2586 dabit
1674 2523 1783 2588 vobis.
1839 2520 1922 2588 ltem
1952 2522 1983 2588 l.
2012 2520 2126 2587 laban.
2143 2522 2180 2585 2.

155 2618 224 2675 tom
247 2629 268 2674 a
291 2606 401 2675 Patre.
463 2608 562 2675 Alius
584 2610 685 2697 igitur
706 2621 761 2676 est
781 2608 893 2688 Pater,
915 2606 1002 2674 alius
1023 2546 1141 2689 Fillus,
1193 2607 1381 2696 Qui,negat
1413 2605 1542 2687 Filium,
1575 2627 1640 2673 nec
1662 2608 1796 2674 Patrem
1816 2606 1931 2675 habet.
1971 2606 2064 2688 ltem,
2087 2606 2181 2681 Quo·
2260 2650 2263 2655 -

153 2688 242 2761 allus
275 2696 417 2783 Spiritus
450 2709 600 2763 sanctus.
666 2696 753 2761 Nam
785 2699 814 2762 si
836 2694 979 2782 Spiritus
1001 2707 1141 2761 sanctus
1191 2697 1291 2762 modo
1314 2697 1531 2776 invocabunt,
1553 2693 1620 2760 nisi
1641 2695 1790 2763 credent.

155 2791 249 2848 esset
282 2783 357 2869 ipsa
388 2802 536 2869 persona
560 2780 674 2849 Patris
695 2798 855 2859 movens,
883 2800 952 2846 nan
976 2783 1142 2849 diceretur

154 2869 262 2954 accipi
283 2888 305 2933 a
327 2868 427 2934 Patre
456 2879 490 2943 et
517 2870 588 2939 dari
610 2891 671 2957 per
692 2864 822 2934 Filium.
881 2865 925 2932 Et
951 2869 1017 2935 nisi
1048 2877 1141 2934 esset
1278 2866 1374 2935 llaec
1416 2865 1506 2933 dicta
1546 2866 1657 2944 omnia
1692 2864 1992 2934 commonefaciunt
2019 2886 2102 2944 nos,
2139 2875 2181 2932 ut

155 2951 358 3038 ὁφιπάμενος
379 2954 521 3040 Spiritus
544 2968 694 3034 sanctus,
716 2975 783 3020 non
807 2954 975 3039 acciperet
991 2976 1066 3021 euru
1087 2954 1140 3019 rt·
1193 2956 1374 3034 discamus,
1398 2952 1751 3040 quomadolavocatia
1774 2955 1817 3019 ad
1839 2974 1955 3022 verum
1966 2950 2076 3037 Deum
2101 2953 2182 3017 diri·

150 3035 231 3120 lius,
251 3042 314 3107 sed
331 3052 458 3107 tantum
480 3053 572 3108 esset
594 3042 697 3107 matio
719 3051 831 3107 creata
854 3040 888 3106 iu
914 3041 1086 3108 cordibus.
1193 3042 1303 3129 genda
1324 3041 1385 3120 sit,
1408 3051 1442 3105 et
1463 3041 1671 3126 seiungenda
1692 3041 1734 3105 ab
1756 3038 1973 3107 Ethnicorum
1997 3052 2031 3105 et
2052 3038 2181 3105 Haere-

746 3188 756 3209 ,
1193 3130 1333 3194 tieorum
1355 3127 1578 3206 invocatione,
1600 3126 1642 3191 tle
1664 3147 1732 3213 qua
1751 3127 1785 3192 in
1808 3124 1943 3193 Psalmo
1964 3126 2014 3191 lb.
2038 3126 2180 3193 diciturr

241 3210 349 3279 Huius
372 3213 551 3278 testimonii
572 3234 693 3300 magna
711 3211 934 3298 perspicuitas
957 3221 1020 3291 est,
1049 3210 1140 3277 utilis
1193 3211 1299 3279 Multa
1321 3209 1499 3279 suntldala
1517 3231 1645 3291 earum,
1690 3224 1744 3278 ast
1765 3233 1852 3302 quae
1873 3211 2077 3293 accelerant,
2098 3212 2179 3277 Non

155 3298 199 3365 ad
222 3295 506 3365 confirmationem
529 3302 701 3365 doctrinae
725 3301 766 3365 de
786 3299 955 3385 personis,
988 3308 1021 3363 et
1042 3295 1140 3364 simul
1191 3297 1305 3365 libabo
1326 3297 1503 3365 libationes
1525 3318 1639 3363 eorum
1662 3234 1704 3365 le
1725 3301 1899 3387 sanguine,
1920 3321 1984 3366 nec
2005 3318 2180 3385 maantam

154 3386 254 3452 docet
276 3406 340 3451 nos
363 3387 405 3450 de
423 3385 598 3464 beneficia,
622 3398 655 3452 et
676 3387 719 3451 de
741 3407 846 3472 regno
859 3383 933 3450 Filii
951 3382 1029 3463 Dei,
1051 3386 1139 3470 quod
1193 3387 1327 3451 nomina
1348 3405 1464 3451 earum
1485 3404 1588 3471 super
1605 3382 1695 3453 labia
1711 3406 1797 3452 mea.
2000 3396 2008 3415 ⁸

155 3472 199 3537 ad
221 3472 287 3538 hac
309 3473 416 3557 ipsum
440 3474 641 3539 constitutus
661 3474 704 3539 sit
720 3471 792 3538 Rex
814 3469 989 3538 Ecclesiae
1010 3469 1067 3536 hic
1087 3471 1140 3535 Fi·

155 3554 222 3623 lius·
243 3556 410 3636 Christus,
434 3571 470 3624 ut
491 3580 572 3625 vere
595 3580 657 3644 per
679 3581 754 3625 eum
777 3561 874 3635 detur
896 3558 1039 3643 Spiritus
1062 3578 1139 3623 san·
1278 3556 1341 3624 Hic
1374 3553 1466 3623 clare
1499 3556 1634 3623 damnat
1665 3556 1910 3625 invocationem
1944 3568 1978 3622 et
2009 3555 2181 3623 sacrificia

153 3654 245 3724 ctus,
267 3646 354 3709 sicut
376 3642 442 3711 aiio
464 3642 542 3711 loca
566 3646 660 3711 dicit:
691 3644 795 3711 Sedet
819 3645 863 3709 ad
885 3646 1055 3711 dexteram
1076 3643 1140 3709 Pa·
1191 3645 1336 3712 omnium
1367 3641 1513 3709 bostium
1541 3640 1729 3733 Evangelii.
1773 3644 1954 3731 Legendae
1975 3656 2054 3710 sunt
2074 3645 2181 3731 igitur

124 3731 217 3795 -tris
239 3731 324 3795 dans
343 3732 432 3796 dona
450 3732 648 3798 haminibus.
695 3728 778 3798 Vult
799 3732 899 3818 igitur
921 3730 972 3794 sic
995 3728 1061 3795 eali
1107 3750 1140 3797 e·
1191 3731 1350 3796 historiae
1373 3731 1590 3796 certaminum
1612 3732 1651 3819 in
1668 3728 1833 3797 Ecclesia.
1878 3729 2019 3804 Quidam
2041 3731 2180 3797 nomine

154 3816 268 3881 titione
300 3819 436 3882 istorum
473 3818 729 3898 beneficiorum,
760 3828 796 3882 ut
828 3829 1036 3905 agnoscatur
1069 3752 1140 3882 elus
1191 3817 1391 3895 Valentinus
1425 3816 1698 3883 innumerabilem
1731 3819 1861 3883 turbam
1884 3815 2036 3884 Deorum
2067 3815 2179 3897 finxit,

153 3904 346 3988 praesentia
379 3913 411 3966 et
438 3908 586 4005 potentia
618 3906 652 3968 in
685 3902 949 3970 sanctificatione
972 3914 1006 3969 et
1026 3900 1150 3970 desen-'
1191 3902 1310 3970 ludens
1332 3900 1530 3997 Allegariis,
1549 3904 1638 3970 sicut
1658 3917 1780 3989 poetae
1800 3902 1929 3969 ludunt.

153 3988 249 4055 sione
272 3988 415 4053 amnium
438 3992 664 4055 invocantium
684 3992 805 4076 ipsum.

1275 4075 1430 4141 Marcion
1462 4086 1496 4140 et
1528 4074 1648 4141 deinde
1670 4074 1860 4144 Manichaei
1892 4084 2076 4163 posuerunt
2107 4075 2179 4143 duo

238 4159 400 4227 Recitatis
428 4160 628 4226 testimoniis
657 4161 822 4227 addantur
843 4173 876 4228 et
898 4159 1072 4249 Symbola,
1105 4173 1140 4228 et
1188 4164 1350 4250 principia
1383 4170 1522 4226 aeterna
1554 4164 1737 4249 pugnantia
1776 4163 1863 4228 inter
1894 4182 1952 4242 se,
1985 4164 2110 4229 bonum
2144 4173 2180 4231 et

151 4258 302 4315 veterum
335 4248 443 4325 dieta,
474 4249 561 4312 inter
582 4266 669 4334 quae
690 4250 869 4334 praecipue
888 4262 970 4315 nota
991 4250 1035 4314 sit
1057 4268 1137 4316 con·
1187 4249 1322 4330 malum,
1346 4258 1378 4313 et
1400 4250 1613 4315 nominarunt
1631 4246 1742 4315 lucem
1760 4260 1793 4314 et
1810 4246 1892 4329 iiim.
1923 4246 1970 4314 Ut
1991 4249 2078 4315 enlm
2096 4268 2179 4314 cau·

149 4331 257 4401 lessio
291 4332 445 4421 Gregorii
478 4332 789 4414 NeocaesaricusiS,
822 4335 911 4400 edita
935 4346 1054 4402 contra
1075 4336 1136 4400 Sa·
1186 4357 1259 4403 sam
1281 4332 1610 4417 mali-ostenderent,
1633 4334 1801 4401 finxerunt
1821 4358 1843 4401 a
1864 4334 1943 4402 luce
1964 4335 2044 4401 ariri
2065 4336 2178 4402 bonas
2273 4374 2277 4385 ·

147 4430 367 4500 mosatenum,
399 4440 485 4507 quae
508 4418 618 4487 cilicia
641 4440 862 4507 personarum
885 4421 984 4486 etiam
1006 4423 1135 4489 erudite
1162 4435 1336 4504 naturas,
1359 4434 1395 4486 et
1417 4423 1461 4488 ab
1484 4414 1572 4510 Hyle
1600 4420 1717 4488 malas.
1762 4421 1887 4489 Postea
1919 4418 2022 4488 multa
2053 4418 2179 4488 delira·

149 4506 317 4572 discernit.
362 4506 458 4572 Unus
481 4504 576 4572 Deus
599 4506 698 4572 Pater
720 4509 815 4579 verbi
825 4508 981 4586 viventis,
1002 4510 1134 4594 sapien·
1182 4521 1292 4575 menta
1325 4509 1443 4574 Stoica
1477 4509 1693 4590 addiderunt,
1736 4507 1904 4575 tinxerunt
1935 4507 2179 4576 necessitatem

139 4592 213 4657 ttae
231 4595 460 4673 subsistentis,
485 4606 518 4659 et
539 4596 693 4682 imaginis
715 4614 796 4661 suae
829 4595 959 4680 integer
979 4594 1132 4681 integrae
1183 4596 1326 4661 amnium
1350 4595 1532 4673 actionum,
1565 4606 1598 4661 et
1618 4596 1783 4663 ,homines
1812 4608 1909 4663 ortos
1930 4596 1974 4661 ab
1997 4592 2086 4684 Hyle
2104 4614 2178 4663 nan

147 4676 289 4763 genitor,
311 4679 411 4745 Pater
431 4678 581 4760 Filiiuni
607 4681 695 4759 eniti,
728 4680 823 4746 Unus
846 4679 1010 4745 Dominus
1033 4679 1130 4746 solus
1180 4702 1285 4769 passe
1308 4682 1462 4749 converti
1480 4679 1655 4753 adDeum.
1678 4694 1712 4752 et
1735 4695 1829 4749 ortos
1847 4681 1972 4749 aLuce
1989 4685 2188 4769 nan'fposse.

147 4782 189 4828 ex
211 4759 299 4842 sola,
320 4759 430 4853 im‘ago
454 4702 744 4847 PatrissVerhum
767 4764 900 4846 efficax,
922 4764 1028 4834 Filius
1044 4788 1130 4834 sem·
1180 4770 1303 4854 perire,
1338 4769 1503 4857 quicquid·
1530 4765 1693 4839 iacerent.
1733 4766 1867 4861 *Contra
1900 4766 1990 4834 haec
2015 4750 2178 4857 po'rteuta

169 4849 295 4915 ‘ternus
317 4872 359 4916 ex
380 4856 600 4937 sempiterno,
634 4851 730 4920 Unus
754 4853 900 4939 Spiritus
923 4868 1063 4920 sanatos
1085 4874 1129 4920 ex
1180 4856 1285 4923 simus
1308 4858 1426 4923 armati
1460 4856 1677 4936 testimoniis,
1717 4876 1805 4944 quaa
1837 4853 2006 4922 affirmant
2038 4856 2178 4927 micam

142 4869 219 5001 llaa
241 4936 463 5003 substantiam
491 4936 634 5019 habens,
668 4942 724 5029 qui
752 4936 951 5027 per-lilium
974 4943 1129 5029 apparuit
1178 4960 1256 5008 esse
1288 4942 1471 5009 essentiam
1503 4942 1686 5010 immensae
1718 4942 1899 5031 potentiae,
1929 4962 1969 5009 sa
1991 4943 2117 5009 ientiae
2139 4956 2176 5011 et

142 5020 371 5103 sanctificans,
403 5044 464 5109 per
496 5047 593 5112 quent
623 5022 718 5094 Deus
751 5047 853 5112 super
886 5026 997 5092 omnia
1032 5038 1064 5093 et
1092 5029 1127 5094 in
1176 5030 1347 5110 bonitatis,
1360 5030 1504 5097 omnium
1518 5042 1746 5097 creaturarum
1759 4963 2177 5117 creatricemlngslomu

160 5110 293 5176 mnibus
316 5110 541 5196 cognoscitur.
587 5112 731 5200 Spiritus
751 5124 891 5181 saneim
911 5112 1029 5181 incitat
1051 5132 1126 5181 aar·
1175 5125 1209 5182 at
1230 5114 1412 5198 homiuum,
1434 5127 1470 5183 et
1490 5112 1569 5183 mall
1591 5134 1731 5186 cauum
1752 5134 1832 5183 esse
1854 5113 2062 5184 voluntatem
2081 5114 2174 5184 libe·
