4628 5588
650 264 653 269 Ι
719 147 1521 279 ,ωωεοιιινηυοοωπολ
1608 244 1616 265 ,

151 170 214 241 181
2103 171 2168 241 182

147 372 296 443 utentum
327 373 381 428 ast
414 362 626 448 praecipuum
658 359 826 427 vmculum
858 357 982 447 politici
1014 371 1134 440 status,
1185 359 1367 425 Sabbatum
1389 359 1475 424 enirn
1496 360 1680 425 institutum
1701 356 1762 425 fuit
1779 379 1884 426 causa
1905 362 2057 428 docendi.
2087 362 2167 429 ideo

150 448 244 537 lingo
267 450 338 514 eiua
359 447 523 513 autoritas
540 449 682 534 maxime
705 444 837 513 defendi
859 448 960 513 debet
979 467 1042 530 per
1062 448 1134 513 Ma·
1184 446 1258 512 Lex
1279 447 1404 512 diserta
1424 447 1547 531 inquit:
1576 445 1810 513 Sanctificabis
1837 447 1924 512 diem
1945 446 2100 528 Sabbati,
2132 449 2168 515 id

106 541 108 546 ’
150 535 323 622 gistratus.
367 533 480 607 Quare
501 533 644 599 omnium
671 535 817 620 gentium
837 531 932 620 leges
954 534 1134 598 constitue·
1185 543 1257 611 est,
1289 533 1324 597 in
1345 550 1402 594 res
1424 542 1561 597 sanctas
1584 528 1786 612 collocabis,
1815 530 1991 612 videlicet,
2014 535 2058 599 ad
2080 531 2166 601 cele·

150 630 229 687 runt
256 616 421 769 supplicia
448 620 482 684 in
510 621 675 703 periuros.
729 619 773 685 Et
794 618 867 684 Lex
895 618 967 684 Xll.
991 617 1134 684 Tabula·
1185 618 1331 684 brandus
1352 614 1506 700 publicas
1529 620 1747 695 ceremoniae,
1770 631 1803 683 et
1819 619 2017 684 audiendum
2029 622 2167 685 verbum

89 715 116 779 j
149 726 225 772 rum
257 701 314 770 lau
338 725 357 769 e
379 705 575 792 dignissima
596 716 668 783 est,
701 725 788 792 quaa
808 702 929 770 falsum
950 715 1068 771 testem
1091 704 1133 769 de
1185 703 1260 769 Dei.
1304 703 1398 768 Haec
1430 716 1508 768 sunt
1540 721 1620 779 vera
1653 723 1758 788 opera
1779 703 1930 771 Sabbati.
1963 704 2074 784 item,
2100 709 2166 772 iaut

77 858 82 867 ,
151 810 235 856 saxo
257 788 398 875 Tarpeio
433 792 529 856 deiici
560 791 704 858 iubebat.
749 790 856 857 Porro
877 792 963 856 haec
984 792 1069 870 ratio
1091 791 1134 854 dc
1185 787 1361 876 diligenter
1383 791 1560 855 considera
1582 789 1731 855 ordinem
1756 802 2013 875 praeceptorum
2041 793 2168 874 primae

149 875 352 963 Magistrum
373 877 514 941 sumitur
534 886 662 941 tantum
689 896 711 941 a
733 896 774 942 co
838 875 901 942 rali
918 877 1133 954 necessitate,
1183 873 1343 942 Tabulae.
1387 872 1531 940 Primum
1583 886 1772 959 raeceptum
1794 876 2012 942 concionatur
2034 879 2077 941 da
2098 874 2167 944 cul·

149 963 226 1029 ideo
247 960 315 1026 alia
335 963 433 1040 ratio,
457 983 544 1067 puae
565 965 705 1027 sumitur
725 981 747 1026 a
769 964 876 1049 goria
886 961 964 1041 Dei,
981 963 1134 1027 addenda
1185 963 1273 1028 tibus
1296 961 1521 1040 interioribus,
1567 980 1587 1025 a
1609 961 1738 1039 timore,
1759 958 1825 1027 fide
1848 973 1881 1027 et
1901 960 2079 1029 dilectione
2089 960 2166 1028 Dei.

151 1057 214 1114 est.
259 1047 345 1111 Nam
379 1046 598 1134 Magistratus
631 1068 699 1111 non
732 1060 856 1113 tantum
890 1062 943 1113 est
975 1045 1134 1114 defensor
1185 1045 1377 1112 Secundum
1400 1045 1442 1110 de
1460 1057 1597 1112 externa
1617 1048 1809 1127 testatione,
1827 1045 1968 1127 scilicet,
1986 1049 2167 1114 invocatio·
2212 1098 2215 1103 ·

152 1134 317 1217 corporis,
339 1133 402 1198 sed
425 1135 522 1198 etiam
568 1131 672 1198 loriae
689 1131 765 1212 Dei,
787 1135 879 1220 quod
899 1134 945 1211 ad
966 1146 1134 1199 externam
1184 1153 1238 1198 ne.
1283 1131 1429 1197 Tertium
1458 1133 1500 1198 de
1531 1132 1727 1198 ceremoniis
1749 1144 1783 1197 et
1803 1153 1869 1199 usu
1890 1136 2165 1215 ceremoniarum,

150 1216 358 1304 disciplinam
378 1221 505 1283 attinet.
538 1155 730 1284 'leuandum
752 1229 804 1283 est
825 1220 926 1307 igitur
946 1219 1134 1306 hocArgu·
1184 1216 1335 1297 scilicet,
1363 1217 1454 1322 quod
1488 1220 1739 1284 conservandae
1769 1218 1837 1283 sint
1864 1230 2001 1305 propter
2022 1221 2166 1286 ministe·
2218 1274 2222 1279 .

149 1315 313 1371 mentumt
345 1303 564 1391 Magistratus
587 1314 640 1369 est
662 1316 779 1370 custos
801 1308 904 1371 totius
921 1302 1021 1392 legis,
1043 1305 1134 1391 quod
1183 1305 1269 1368 rium
1291 1305 1395 1368 verbi.
1440 1302 1581 1389 Oportet
1602 1306 1688 1369 enim
1709 1304 1855 1369 existere
1872 1302 2002 1390 aliquas
2019 1325 2167 1371 ceremo-

150 1390 194 1457 ad
222 1401 394 1454 externam
428 1388 635 1472 disciplinam
666 1392 800 1469 attinet,
827 1392 916 1457 sicut
938 1388 1063 1456 Paulus
1085 1391 1133 1454 in-
1184 1390 1278 1468 uias,
1310 1408 1398 1475 quae
1419 1399 1508 1454 sunt
1538 1401 1640 1454 notae
1672 1400 1705 1453 et
1726 1390 1951 1456 testimonium
1972 1391 2068 1456 verbi
2088 1391 2164 1458 Dei.

196 1476 237 1540 'tt
260 1474 333 1540 Lex
354 1488 407 1540 est
427 1477 538 1558 posita
558 1476 708 1554 iniustis,
728 1474 910 1561 prophanis
934 1488 996 1542 etc.
1040 1476 1147 1562 Ergo·
1183 1473 1259 1540 Non
1282 1485 1410 1560 poterat
1425 1475 1534 1562 magis
1562 1476 1746 1542 concinnus
1768 1476 1852 1541 ordo
1875 1477 2068 1563 excogitari.

151 1495 251 1627 Cltllret
278 1562 396 1646 punire
422 1558 543 1627 delicta
566 1572 703 1626 externa
724 1563 889 1627 adversus
912 1563 1021 1627 omnia
1038 1581 1133 1648 prae·

151 1657 258 1731 cepta.
302 1645 421 1712 Puniat
451 1646 551 1733 igitur
577 1657 611 1710 et
637 1648 781 1730 periuria
803 1659 836 1713 et
857 1645 942 1712 alias
964 1660 1135 1713 contume-

150 1727 214 1798 lias
232 1741 388 1798 externas
399 1732 542 1797 nominis
554 1732 666 1810 divini,
685 1731 854 1812 videlicet,
867 1733 1051 1819 Epicureos
1063 1753 1134 1798 aer·

150 1837 288 1899 mones,
321 1828 455 1883 atroces
479 1819 726 1896 execrationes,
750 1829 784 1883 et
805 1816 903 1884 tollat
924 1816 1134 1884 idololatrias

150 1915 184 1970 et
205 1901 334 1979 cultus,
361 1923 447 1988 quos
469 1900 624 1987 intelligit
645 1923 724 1969 esse
744 1905 875 1990 impios.
918 1904 999 1970 ltem
1019 1904 1135 1989 puniat

40 1990 44 2004 ¹
150 1985 340 2054 haereticos
362 2000 513 2053 serentes
536 1985 624 2054 falsa
646 2002 679 2054 et
705 1991 804 2075 impia
833 1992 1009 2075 dogmata,
1041 2001 1134 2075 post·

139 2066 250 2160 'quam
279 2093 335 2138 res
367 2093 389 2139 a
421 2075 484 2158 piis
507 2085 541 2139 et
564 2074 672 2139 doctis
700 2076 765 2139 rite
787 2075 932 2140 iudicata
955 2089 1020 2142 est.
1061 2075 1134 2140 llae

67 2225 72 2232 ,
149 2178 280 2244 poenae
302 2178 419 2223 omues
441 2170 520 2223 sunt
541 2156 654 2225 officia
675 2158 773 2225 huius
796 2180 919 2243 praece
943 2162 986 2239 ti,
1021 2171 1055 2225 et
1074 2157 1134 2225 ha·

150 2245 231 2310 hent
248 2241 436 2328 exemplum
453 2245 487 2309 in
508 2240 596 2330 lege,
618 2243 727 2310 Levit.
750 2245 802 2311 ut.
841 2244 906 2318 Qui
919 2182 1134 2330 llasphema·

151 2329 236 2395 verit
258 2348 380 2393 nomen
401 2327 546 2409 Domini,
568 2342 677 2397 morte
698 2332 866 2398 morietur.

128 2726 134 2737 -
171 2757 189 2779 ,
212 2676 283 2757 An
314 2674 447 2758 illicita
479 2675 705 2795 iuramenta
736 2677 817 2761 sint
846 2655 1073 2762 servanda?

1275 1762 1400 1888 llshre
1425 1808 1688 1916 'abrogatum
1728 1819 1992 1920 praeceptum
2024 1808 2076 1891 de

1570 1955 1786 2044 Sabbato?
1830 1948 1838 2050 ⁸,

1271 2238 1491 2326 Respondent
1513 2239 1629 2308 Genus
1651 2243 1743 2328 quod
1763 2243 1797 2309 in
1818 2243 1885 2310 hoc
1895 2256 2075 2330 praecepto
2087 2265 2166 2313 con·
2287 2264 2294 2281 ‘

1183 2326 1318 2402 tinctur,
1330 2347 1399 2390 non
1411 2338 1464 2392 est
1474 2328 1685 2415 abrogatum,
1698 2349 1785 2415 quae
1795 2331 1927 2415 quidem
1939 2342 1991 2396 est
2001 2332 2166 2417 principa·

1184 2409 1227 2477 lis
1260 2414 1425 2479 sententia
1457 2411 1555 2478 huius
1584 2416 1771 2498 praecepti,
1804 2427 1839 2480 et
1861 2417 2007 2483 continet
2029 2438 2167 2485 causam

1184 2494 1318 2562 finalem
1339 2499 1505 2563 institutae
1522 2500 1663 2584 speciei,
1685 2500 1824 2584 Species
1846 2523 1928 2567 vero
1951 2514 2004 2568 est
2024 2505 2166 2589 abroga-
2271 2550 2281 2603 3

1183 2595 1231 2661 ta,
1253 2582 1321 2648 hoc
1342 2594 1413 2667 ast,
1447 2603 1579 2671 semper
1599 2582 1694 2653 Deus
1717 2586 1855 2671 requirit
1875 2589 2167 2664 conservationem

1184 2670 1463 2748 ceremoniarum,
1486 2672 1573 2735 sicut
1595 2690 1654 2735 eas
1677 2673 1847 2758 praecipit.
1891 2672 2037 2740 Prodest
2057 2685 2168 2740 autem

1183 2752 1315 2858 aliquos
1345 2774 1425 2821 esse
1447 2766 1561 2821 certos
1589 2757 1661 2821 dies
1690 2757 1876 2824 destinatos
1899 2761 2108 2840 ceremoniis,
2131 2771 2164 2825 et
2200 2829 2208 2844 ,

1077 2858 1081 2873 ·
1183 2841 1366 2907 ministerio
1389 2841 1493 2907 verbi.

236 2955 355 3024 illicita
387 2959 571 3024 iuramenta
601 2956 742 3047 intelligi
775 2961 917 3039 dehent,
948 2962 983 3027 iu
1010 2961 1132 3047 quibus

134 3044 349 3130 promittitur
365 3041 501 3131 aliquid,
524 3045 616 3130 quod
637 3057 884 3130 estpeccatum
905 3047 1134 3132 autsinopec·

151 3140 228 3197 cato
257 3132 422 3213 praestari
452 3151 521 3194 non
549 3141 672 3214 potest.
716 3130 761 3196 Ut
783 3132 813 3195 si
835 3133 909 3216 quis
952 3134 1134 3197 romitteret

150 3215 263 3280 sciens
296 3234 348 3304 se⁸
367 3212 533 3281 facturum
564 3216 717 3281 iniustam
740 3218 886 3282 caedem.
959 3215 1024 3282 alia
1046 3217 1134 3281 iura·

150 3310 263 3368 menta
291 3320 359 3365 non
391 3311 469 3365 sunt
491 3304 669 3367 servanda.
712 3300 859 3368 Primum
882 3315 994 3368 autem
1014 3313 1134 3387 peccat
1154 3352 1160 3379 ‚

149 3384 264 3453 iurans
287 3386 331 3451 de
351 3406 390 3451 re
411 3383 538 3465 illicita,
558 3388 635 3472 quia
656 3386 749 3452 Deus
770 3407 839 3452 non
861 3387 934 3453 vult
955 3390 1133 3454 autoritate
1154 3392 1160 3463 ς

150 3470 204 3537 sui
235 3473 378 3537 nominis
411 3470 483 3537 lieri
517 3471 606 3558 quod
633 3473 810 3557 prohibuit.
865 3471 996 3539 Deinde
1026 3473 1160 3539 maius,1

150 3559 324 3644 peccatum
347 3570 400 3624 est
422 3570 594 3642 praestare
614 3556 693 3624 talia
715 3560 909 3638 iuramenta,
930 3556 1133 3639 sicptHero·

151 3644 212 3709 des
229 3642 397 3710 simulavit
419 3663 458 3709 se
480 3656 633 3710 coactum
643 3644 866 3724 iureiurando,
883 3645 1071 3711 interficere
1083 3645 1133 3710 lo·
1154 3639 1160 3711 f:

150 3725 304 3792 hannem.
347 3728 434 3794 Hinc
465 3727 566 3795 facile
597 3742 651 3796 est
671 3732 826 3797 iudicium
846 3732 888 3795 de
909 3732 996 3797 votis
1016 3730 1133 3797 Mona·
1154 3736 1160 3806 j

152 3811 301 3880 chorum.
330 3814 426 3879 irrita
448 3827 526 3880 sunt
543 3829 635 3895 vota,
656 3819 690 3880 in
713 3818 833 3903 quihus
853 3816 994 3882 haerent
1014 3818 1133 3901 impiae
1154 3832 1160 3845 '¹

152 3899 338 3985 opiniones,
360 3920 447 3986 quae
467 3899 603 3966 laedunt
624 3900 764 3987 gloriam
781 3900 916 3983 Christi,
939 3914 973 3967 et
993 3900 1155 3983 transfe]

152 3996 229 4052 runt
250 3984 450 4051 heneficium
471 3985 597 4051 Christi
622 3989 655 4052 in
678 4007 781 4073 opera
802 3989 844 4052 ab
867 3988 1055 4054 hominihus
1077 4007 1155 4053 ex»

151 4072 313 4177 cogitata,
335 4069 503 4153 videlicet,
524 4093 600 4136 cum
621 4070 968 4158 finguntutonasticas
987 4093 1135 4140 ceremo-
1159 4152 1160 4160 ἵ

20 4222 24 4237 .
91 4212 94 4217 .
152 4176 227 4224 mas
260 4177 338 4223 asse
372 4154 481 4225 cultris
502 4156 585 4237 Dei,
618 4159 676 4244 qui
696 4170 885 4224 mereantur
905 4161 1135 4226 remissionem

153 4254 368 4329 peccatmum
391 4254 455 4309 etc.
479 4306 481 4310 .

296 4574 372 4657 DE
402 4572 607 4658 TERTIO
639 4569 982 4659 PRAECEPTO.
1100 4640 1104 4647 .

216 4754 326 4886 Quid
355 4779 552 4891 praecipit
580 4778 746 4863 tertium
777 4777 1068 4892 praeceptum?

242 4980 522 5047 observationem
544 4976 702 5058 Sabbati,
729 4977 797 5045 hoc
817 4989 888 5057 est,
908 4980 1135 5044 conservatio·

155 5088 233 5139 nem
258 5066 536 5152 ceremoniarum,
569 5083 657 5149 quae
688 5076 768 5134 sunt
799 5064 956 5132 munitus
981 5065 1132 5133 traditae.

1269 3010 1344 3077 lloc
1419 3030 1482 3075 uns
1511 3023 1564 3077 est
1595 3011 1814 3093 immutabile,
1847 3026 1881 3080 et
1902 3024 1955 3080 est
1974 3012 2166 3100 principalis
2277 3086 2281 3097 ,

1183 3097 1348 3163 sententia
1402 3098 1478 3163 rrius
1507 3099 1689 3183 praecepti.
1732 3101 1801 3166 Sed
1823 3103 1975 3186 species,
1997 3101 2166 3182 videlicet,

1182 3194 1221 3249 ut
1252 3182 1414 3267 septimus
1448 3183 1520 3248 dies
1549 3185 1763 3265 observetur,
1797 3187 1961 3272 abrogata
1982 3200 2053 3267 est,
2086 3188 2165 3275 quia

1184 3266 1362 3334 Christiani
1381 3280 1460 3333 sunt
1479 3265 1619 3335 libaria
1652 3273 1850 3336 ceremonia
1873 3273 2044 3340 Mosaicis
2078 3273 2166 3340 lnte·

1183 3354 1246 3418 rim
1269 3365 1379 3419 tamen
1401 3375 1521 3440 genus,
1540 3354 1630 3441 quod
1652 3356 1685 3420 in
1705 3354 1772 3420 hoc
1784 3369 2003 3443 praeceptore
2015 3361 2166 3446 quiritur,

1184 3450 1236 3504 est
1257 3439 1396 3504 morale.
1440 3439 1493 3506 Ac
1522 3452 1699 3524 propterea
1720 3443 1811 3527 quod
1832 3443 1875 3507 ad
1902 3441 1968 3509 hoc
1990 3466 2096 3532 genus
2118 3457 2182 3511 at·'

1183 3526 1277 3603 tinet,
1299 3523 1480 3590 Christiani
1502 3536 1655 3590 tenentur·
1675 3524 1743 3592 hoc
1765 3541 1958 3614 praecepto,
1980 3529 2165 3617 quiaDeus

1183 3613 1353 3694 praecepit
1374 3612 1527 3676 omnihus
1548 3609 1748 3691 hominihus,
1766 3622 1804 3680 ut
1825 3633 1922 3679 suum
1934 3613 2081 3683 officium
2098 3619 2166 3684 sin·

1184 3694 1256 3846 puli
1278 3696 1451 3762 conferant
1473 3698 1516 3761 ad
1540 3699 1828 3764 conservationem
1845 3699 1970 3802 publici
1980 3704 2165 3770 ministerii.

1200 3795 1234 3848 ta
1262 3783 1395 3868 quidam
1428 3781 1556 3848 erudite
1590 3782 1720 3848 dicunt:
1764 3784 1911 3851 Tertium
1939 3801 2166 3874 praeceptum,

1185 3867 1275 3954 quod
1296 3868 1338 3931 ad
1368 3887 1475 3955 genus
1497 3869 1631 3947 attinet,
1665 3882 1718 3933 eet
1740 3869 1869 3937 morale
1898 3884 1931 3938 et
1959 3886 2166 3958 perpetuum,

1185 3953 1247 4018 sed
1275 3954 1366 4038 quod
1390 3954 1434 4017 ad
1455 3955 1602 4038 speciem
1622 3956 1757 4034 attinet,
1791 3957 1916 4037 idest,
1948 3978 1987 4024 se
2011 3961 2080 4026 timi
2100 3961 2166 4027 diei

1186 4040 1470 4117 observationem,
1503 4035 1555 4105 est
1583 4038 1812 4106 ceremoniale.
1833 4091 1836 4095 .
1856 4042 1899 4109 Et
1925 4047 1967 4110 de
1987 3982 2053 4111 lac
2075 4067 2166 4113 cere·

1185 4125 1295 4188 monia
1318 4124 1528 4191 iudicandmu
1550 4135 1614 4205 est,
1636 4125 1722 4191 sicut
1744 4128 1786 4192 de
1804 4132 1946 4195 caeteris
1966 4134 2166 4199 ceremoniis

1184 4208 1338 4274 ludaicis.
1372 4209 1462 4297 Ergo
1485 4222 1639 4295 peccant,
1662 4214 1718 4296 qui
1741 4217 1977 4282 contumaciter
1992 4216 2168 4305 negligunt
2291 4204 2294 4209 ¹

1184 4293 1354 4381 politicum
1375 4297 1591 4362 ministerium
1612 4309 1646 4363 et
1668 4303 1876 4364 ceremonias
1894 4304 2050 4368 divinitus
2071 4305 2165 4369 insti·

1185 4393 1294 4446 tutas.
1329 4379 1486 4461 Primum,
1508 4384 1586 4469 qnia
1607 4381 1726 4450 nolunt
1746 4386 1792 4449 uti
1815 4388 1977 4455 beneficio
1986 4386 2063 4469 Dei,
2086 4392 2166 4477 quia
2216 4434 2225 4443 -

1177 4465 1280 4541 Deus
1313 4467 1358 4531 ihi
1386 4488 1450 4533 nos
1484 4469 1605 4533 erudiri
1639 4481 1673 4535 et
1705 4475 1856 4537 exerceri
1889 4473 1972 4539 vult.
2021 4475 2165 4556 Deinde,

1184 4555 1263 4638 quia
1295 4549 1440 4618 officium
1469 4574 1565 4618 sunm
1586 4575 1654 4619 non
1677 4554 1853 4623 conferunt
1875 4560 1918 4623 ad
1940 4563 2165 4627 conservatio·

1185 4658 1261 4702 nem
1270 4637 1417 4787 ,immid
1447 4641 1627 4706 ministerii.
1671 4641 1867 4724 Postremo,
1901 4649 1978 4730 quia
2011 4645 2165 4732 exemplo

1185 4744 1248 4790 suo
1304 4727 1355 4788 ios
1377 4725 1545 4790 abducunt
1567 4747 1588 4792 a
1610 4729 1822 4807 ceremoniis,
1847 4741 1880 4794 et
1890 4733 2040 4796 minuunt
2051 4752 2166 4800 earum

1184 4811 1418 4875 reverentiam.
1462 4810 1555 4879 llaec
1587 4824 1726 4896 peccata
1753 4836 1821 4878 non
1843 4828 1921 4880 sunt
1944 4821 2180 4899 extenuanda,-

1185 4893 1264 4959 ldeo
1289 4896 1431 4960 docendi
1459 4909 1538 4963 suut
1562 4897 1713 4963 homines
1745 4899 1787 4962 de
1809 4901 2045 4970 observatione
2065 4903 2165 4971 huius

1186 4983 1365 5065 praecepti.
1410 4982 1477 5051 Sed
1511 4986 1665 5069 quoniam
1697 4984 1915 5071 Evangelium
1948 5010 2014 5054 non
2047 4988 2102 5054 alli
2129 5004 2166 5056 at

1187 5085 1251 5131 nos
1273 5068 1316 5133 ad
1338 5068 1424 5133 diem
1447 5081 1591 5148 certum,
1618 5071 1693 5154 piae
1715 5073 1940 5140 conscientiae
1963 5013 2165 5144 erudiendae
2213 5125 2218 5135 .
