4628 5588
142 134 212 207 tea
267 84 270 89 ’
776 126 888 197 nnn
909 125 1016 195 nnn.
1038 127 1229 197 scatere
1249 124 1532 195 nonnanes
1739 169 1757 209 -,
2041 92 2062 121 “
2077 136 2080 141 ·
2097 128 2198 217 σοι,
2249 128 2268 147 ’

130 327 295 404 'namna,
326 321 437 389 Deum
457 342 614 390 veracem
636 338 726 399 ease,
748 330 784 387 et
803 320 923 406 punire
944 319 1129 397 mendacia,
1268 317 1434 397 Quartus,
1463 319 1616 385 confiteri
1649 339 1734 385 voce
1761 329 1796 385 et
1816 315 1891 385 aliie
1911 320 2018 405 signis
2038 319 2075 385 in
2094 330 2168 389 tote

146 424 180 478 et
197 410 352 498 petimus,
372 420 409 474 ut
419 410 517 475 nobis
539 407 582 471 sit
603 408 711 486 testis,
739 427 805 471 nos
828 424 909 471 vere
930 426 972 471 ea
993 406 1129 485 sentire,
1180 405 1261 483 vita,
1284 406 1375 471 iuxta
1397 406 1537 471 dictum:
1558 404 1687 473 Luccet
1708 403 1903 489 lnxyestra
1925 426 2039 471 coram
2059 404 2167 473 homi·

146 519 232 586 qnae
255 497 412 575 dicimus,
445 505 477 560 et
499 496 545 559 ita
566 493 609 558 sit
630 493 746 572 testiS,
767 504 805 558 ut
827 492 940 577 puniat
961 488 1129 571 lellentes,
1180 493 1297 571 nibus,
1318 500 1355 557 ut
1375 490 1703 579 glorilicentpntrem
1725 503 1874 559 vestrum
1896 491 2088 559 coelestem.
2109 493 2166 560 De

146 586 237 672 qaod
259 594 292 648 et
313 580 395 647 facit
416 581 510 647 Deus
537 581 630 645 iuxta
650 590 783 666 pactum
805 581 839 644 in
861 577 927 644 hoo
947 593 1129 664 praecepto
1180 578 1234 644 his
1257 576 1400 664 quatuor
1419 581 1538 644 usibus
1560 577 1764 666 colligantur
1789 596 1971 731 praecepta
1993 576 2166 647 afhrnrati·

146 671 327 736 sancitum:
366 667 443 734 Non
465 667 601 733 habebit
621 665 718 732 Dens
741 667 930 744 insontem,
963 667 1020 750 qui
1042 684 1129 731 vane
1180 687 1240 743 va,
1275 666 1403 748 passim
1435 665 1469 730 in
1491 664 1701 750 Propheticis
1734 678 1767 731 et
1787 668 1918 751 Aposto
1933 668 1994 732 icis
2027 666 2166 752 scriptia

144 767 286 842 usurpat
306 774 427 820 nomen
450 755 533 820 eius.
566 756 613 819 lta
631 754 716 819 duas
738 773 796 818 res
817 772 957 838 magnas
979 750 1059 817 facit
1081 752 1128 815 iu·
1181 752 1317 816 tradita:
1350 762 1386 816 ut
1404 752 1446 816 de
1470 751 1702 818 lnvocatiune:
1747 753 1888 836 Oportet
1910 772 2044 838 semper
2066 773 2167 819 orare

102 898 105 903 .
144 864 239 923 rans,
259 843 373 907 tribuit
394 839 469 905 Deo
492 839 652 907 honorem
675 840 835 918 veritatis,
858 852 891 903 et
911 837 1021 904 Deum
1044 850 1129 917 oret,
1180 850 1212 903 et
1236 856 1302 901 non
1319 836 1527 924 langnefieri.
1572 837 1616 904 Et
1639 838 1792 926 Syracid.
1816 839 1848 901 7.
1876 836 1918 920 μή
1941 837 2167 925 ὄλιγοψυχῆσῃς

28 978 33 993 .
145 941 182 995 ut
202 931 246 994 sit
267 929 362 994 testis
383 928 532 994 veritatis
544 929 683 1011 puniens
696 923 866 992 fallentem
879 926 970 991 iuxta
982 936 1128 1010 pactum,
1179 929 1210 988 tr
1231 928 1383 1010 προσευχῇ
1404 947 1469 997 roc,
1492 924 1521 989 E
1542 926 1680 1012 regione
1702 927 1955 992 considerentur
1966 924 2166 1007 antitheses,

79 1046 81 1049 ·
146 1027 180 1083 et
213 1013 426 1081 benefaciens
456 1034 524 1077 non
556 1011 696 1079 fallenti.
741 1012 795 1078 Ac
819 1024 933 1077 servat
954 1010 1049 1077 Deus
1095 1032 1129 1076 a·
1204 1013 1257 1076 uia
1289 1011 1431 1077 mundns
1462 1008 1582 1096 plenus
1615 1023 1668 1078 est
1699 1015 1864 1078 abusunm
1885 1013 2027 1077 nominis
2051 1013 2166 1078 divini.

146 1110 246 1182 mum,
269 1099 473 1167 horribiliter
494 1101 588 1187 punit
599 1096 768 1179 fallentes,
789 1096 957 1165 benefacit
976 1119 1046 1163 nun
1067 1032 1129 1163 lat·
1180 1033 1395 1167 ltantsestum
1413 1108 1473 1162 est
1496 1099 1582 1163 enim
1603 1095 1726 1164 multos
1749 1119 1826 1163 esse
1848 1118 2021 1163 sermones
2043 1096 2167 1184 Epicn-
2239 1124 2248 1138 ¹

137 1187 303 1269 dentibus,
326 1197 391 1254 etc.
1179 1204 1260 1248 reos
1283 1196 1316 1248 et
1338 1181 1574 1268 blasphemos,
1607 1184 1865 1250 innumerabiles
1900 1183 2007 1249 salsae
2028 1183 2167 1250 iuvoca-

968 1326 980 1343 Ι
1116 1282 1119 1291 ·
1181 1271 1290 1345 tiones
1312 1281 1346 1334 et
1367 1266 1473 1335 falsas
1496 1270 1680 1337 doctrinas.
1702 1271 1831 1337 Nomen
1843 1268 1921 1350 Dei,
1941 1272 2021 1336 item
2042 1290 2168 1337 nomen

231 1358 294 1424 Est
339 1370 449 1425 autem
490 1355 726 1424 universaliter
758 1356 904 1423 tenenda
935 1352 1055 1443 regule
1087 1357 1129 1421 de
1180 1354 1373 1435 Ecclesiae,
1394 1357 1472 1421 item
1494 1378 1616 1423 nomen
1637 1354 1803 1424 libertatis
1827 1356 2038 1425 Christianae
2061 1377 2168 1443 quw

145 1447 301 1513 omnihus
322 1446 519 1523 virtutibus,
550 1443 646 1510 Deus
671 1441 745 1510 vult
765 1456 864 1509 notas
888 1463 966 1509 esse
977 1446 1128 1522 virtutes,
1181 1444 1224 1508 tis
1246 1439 1433 1509 sceleribus
1450 1454 1696 1528 praetexuntur.

144 1533 331 1611 veritatem,
349 1533 536 1597 castitatem
557 1528 699 1610 etalies,
722 1542 759 1598 ut
780 1532 999 1608 doceamus,
1021 1526 1129 1615 qualis

145 1619 189 1682 sit
212 1620 296 1703 ipse,
318 1629 351 1682 et
374 1619 601 1683 discernamus
620 1637 694 1682 eum
716 1638 738 1682 a
759 1614 857 1682 malis
879 1618 1021 1694 naturis,
1051 1617 1129 1702 quia
1269 1616 1424 1701 Pugnant
1447 1635 1522 1681 cum
1544 1618 1694 1683 secundo
1721 1626 1804 1700 prate
1869 1626 1904 1680 to
1926 1612 2168 1681 universaliter

146 1702 219 1770 vult
239 1724 303 1768 nos
325 1723 440 1769 verunt
451 1702 560 1768 Deum
581 1724 782 1790 agnoscere,
806 1700 931 1787 alloqui
951 1715 985 1768 et
1005 1704 1130 1768 diseer·
1182 1704 1293 1767 omnia
1314 1700 1492 1781 scandala,
1527 1704 1764 1788 quiapropter
1786 1724 1817 1767 m
1896 1699 2049 1788 exempla
2069 1699 2168 1768 multi

145 1811 228 1855 nere
250 1811 271 1854 a
299 1786 396 1854 malis
419 1792 546 1855 naturis
569 1802 603 1855 et
624 1811 645 1854 a
668 1790 905 1855 commenticiis
927 1789 1128 1853 numinibus.
1183 1786 1369 1853 alienantur
1386 1810 1407 1853 a
1430 1790 1599 1870 doctrina,
1632 1787 1776 1856 etmulti
1798 1787 1982 1854 imitatores
2003 1787 2087 1854 finnt
2108 1789 2167 1855 de-

231 1910 308 1976 Non
341 1912 428 1975 enim
460 1909 608 1976 brachiis
641 1907 750 1975 Deum
773 1907 1035 1994 amplectimur,
1068 1908 1129 1972 sed
1182 1876 1327 1941 l0fi⁰¹⁰⁸
1351 1884 1385 1940 ⁰l
1407 1873 1573 1961 Epicurei·

140 1988 258 2063 'mente
280 1998 495 2081 cogitandum
519 2004 589 2076 est,
622 2016 687 2060 nos
708 1994 798 2061 hunc
819 2017 933 2062 verum
952 1994 1062 2059 Deum
1082 1991 1130 2058 al.-

144 2080 256 2167 loqni‚
314 2084 346 2147 ui
370 2103 408 2148 se
429 2080 589 2167 patefecit
609 2082 643 2146 in
665 2081 760 2170 Lege
783 2094 817 2147 et
838 2082 1130 2166 promissionibus,

168 2171 201 2232 ui
238 2180 272 2232 et
291 2104 358 2234 ltte
379 2170 453 2253 ipse
475 2179 544 2248 est,
578 2169 634 2255 qui
655 2172 744 2235 misit
765 2165 883 2233 Filium
904 2166 1128 2231 mediatorem.

144 2191 237 2320 haec
259 2256 406 2341 quotidie
427 2254 461 2319 in
482 2254 697 2320 invocatione
718 2254 901 2340 cogitanda
922 2262 1010 2318 sunt.

1269 2045 1416 2111 Pertinet
1447 2047 1491 2111 ad
1523 2047 1709 2113 secundum
1740 2057 1953 2132 praeceptum
1986 2057 2020 2112 et
2143 2067 2166 2113 a

1182 2132 1224 2198 dc
1245 2131 1352 2212 fama,
1374 2133 1527 2219 Syracid.
1549 2134 1603 2199 tl.
1647 2131 1774 2199 Curato
1797 2153 1934 2212 nomen,
1968 2133 2046 2219 qnia
2102 2151 2165 2198 eus

1182 2217 1253 2285 vult
1285 2217 1423 2304 intelligi
1456 2220 1634 2284 discrimen
1666 2222 1824 2286 virtutum
1857 2230 1891 2287 et
1921 2221 2097 2298 vitiorum,
2130 2228 2166 2285 et

1182 2316 1362 2391 propterea
1384 2306 1563 2390 approbari
1581 2318 1686 2384 recta,
1709 2317 1742 2369 et
1753 2306 1933 2389 vituperari
1943 2306 2062 2390 turpia.
2095 2304 2166 2371 Ve-

188 2392 368 2457 Sciendum
378 2401 412 2456 et
420 2390 559 2471 hocest,
569 2388 1131 2474 rmiversaliteretcaeterispraece·
1183 2403 1230 2456 tat
1258 2393 1357 2456 etiam
1377 2391 1471 2456 Deus
1493 2395 1634 2476 proponi
1663 2390 1752 2457 male
1773 2391 1926 2476 exempla
1946 2402 2084 2478 propter
2104 2411 2166 2477 pe·

143 2477 212 2563 ptis
225 2475 348 2543 includi
359 2479 500 2562 primurn
511 2486 738 2563 praeceptum,
748 2478 826 2628 <puin
838 2478 1025 2541 obedientia
1036 2497 1131 2560 prae·
1182 2475 1288 2543 ricula
1299 2478 1510 2558 imitationis,
1534 2480 1576 2543 dc
1604 2500 1670 2565 qua
1694 2479 1813 2543 dicitnr
1845 2480 1934 2563 apud
1956 2476 2164 2545 luvenalenrz

145 2562 310 2630 staturilli
332 2584 413 2630 vero
431 2562 519 2646 Deo,
541 2574 574 2629 et
594 2563 738 2631 adhunc
783 2583 857 2627 nem
869 2560 1044 2629 referenda
1065 2572 1130 2642 est,
1182 2564 1347 2639 Quoniam
1390 2563 1519 2629 dociles
1562 2564 1729 2630 imitandis
1773 2566 1925 2648 turpibus
1971 2575 2006 2630 et
2046 2565 2166 2649 pravis

143 2660 181 2716 ut
202 2650 277 2716 Deo
299 2648 356 2715 hic
375 2649 504 2730 honos,
532 2671 631 2737 quern
652 2650 726 2736 ipse
746 2670 810 2715 nos
833 2651 948 2728 docet,
980 2661 1129 2735 praeste-
1182 2668 1297 2716 ornrrcs
1320 2671 1446 2730 sumus,
1468 2648 1511 2715 Et
1531 2662 1613 2717 nota
1634 2654 1677 2717 sit
1693 2672 1759 2717 vox
1782 2649 2037 2717 AUGUSTlle
2065 2651 2168 2717 Bona

143 2749 209 2802 tur.
256 2736 356 2810 Quod
378 2748 487 2802 autem
506 2747 539 2801 et
555 2756 659 2822 supra
676 2738 718 2802 de
738 2738 844 2821 primo
890 2748 1129 2821 raecrptorno-
1182 2738 1391 2802 conscientie
1411 2735 1489 2802 mihi
1507 2757 1594 2821 opus
1618 2750 1670 2804 est
1691 2751 1829 2822 propter
1845 2736 1971 2817 Deum,
2005 2739 2095 2805 bona
2114 2733 2165 2804 la·

142 2825 286 2902 nuimus,
319 2823 364 2888 ita
395 2821 544 2888 inchoari
577 2833 611 2887 et
631 2821 768 2908 placere
790 2758 1023 2901 obetllentiam,
1053 2844 1129 2888 cum
1180 2845 1235 2888 ma
1255 2834 1391 2909 propter
1413 2825 1606 2908 proximum.

22 2954 25 2959 -
144 2912 238 2995 prius
261 2907 328 2973 fide
351 2909 512 2994 accipitur
533 2909 689 2973 remissio
709 2921 937 2994 peccatorum,
958 2921 991 2973 et
1013 2908 1129 2973 iustifi-

145 2995 245 3075 catio,
268 2995 383 3074 idest,
405 2992 634 3060 reconciliatio
657 3007 690 3058 et
711 2996 900 3078 acceptatio
922 3008 1060 3099 propter
1075 2992 1127 3058 Fi·

41 3112 55 3131 κ
144 3081 226 3147 lium
259 3082 376 3166 gratis.
420 3081 510 3146 ldem
539 3082 581 3145 de
603 3078 746 3167 singulis
768 3092 956 3165 praeceptis
980 3082 1128 3166 cogitan-

146 3169 224 3234 dum
247 3179 313 3247 est,
337 3168 430 3232 iuxta
451 3165 552 3233 illud:
576 3164 731 3233 Christus
754 3179 806 3232 est
827 3165 903 3231 finis
925 3164 1039 3252 Legis.
1395 3147 1458 3214 DE
1478 3148 1639 3217 TERTIO
1662 3149 1940 3217 PRAECFPTO.

234 3339 412 3405 Secundus
435 3358 520 3403 usus
542 3339 684 3404 nominis
706 3339 827 3418 divini,
860 3358 959 3423 quem
979 3334 1128 3424 postulat

145 3422 252 3504 DeuS,
275 3435 327 3489 est
351 3425 534 3513 gratiarum
551 3426 650 3491 actio.
694 3424 758 3490 llic
779 3427 918 3505 sciatur,
950 3425 1029 3511 quid
1051 3445 1128 3510 pro·
1230 3484 1233 3490 .
1267 3422 1312 3489 Ut
1344 3425 1377 3489 in
1409 3427 1516 3512 primo
1549 3428 1669 3491 dicitnr
1702 3429 1744 3492 de
1776 3428 1897 3491 mentis
1926 3435 1960 3491 et
1981 3421 2164 3493 voluntatis

144 3512 218 3597 prie
245 3511 289 3576 sit
342 3511 493 3590 ‚atitudo,
527 3512 571 3577 de
592 3531 659 3597 qua
679 3513 836 3577 usitamm
857 3510 946 3578 hane
968 3510 1128 3576 definitio·
1180 3508 1412 3577 conlormitete
1445 3534 1521 3579 cum
1548 3511 1644 3592 Deo,
1675 3514 1709 3577 in
1738 3514 1888 3578 secundo
1921 3513 1965 3577 de
1995 3512 2164 3578 sermonis

146 3616 224 3663 nem
244 3609 296 3662 tra
321 3600 416 3663 imus.
1181 3594 1428 3664 conformitate:
1450 3598 1501 3663 lta
1520 3600 1662 3666 nuncin
1684 3601 1792 3679 tertio,
1816 3619 1892 3665 cum
1913 3595 2071 3665 Ecclesia
2091 3595 2165 3663 col·

1179 3680 1302 3770 ligatur
1329 3705 1416 3750 voce
1445 3686 1633 3763 doctrinae,
1663 3688 1865 3769 praecipitur
1885 3682 2099 3771 singulariter
2119 3685 2165 3751 tle

234 3766 496 3834 GRA'l'lTUDO
521 3781 573 3834 est
595 3772 701 3837 virtus
724 3771 911 3855 composita
933 3791 976 3835 ex
998 3770 1129 3835 duabus
1182 3771 1438 3842 conservatione
1455 3772 1628 3837 ministerii
1645 3773 1785 3838 docendi
1796 3770 1996 3850 Ecclesiam,
2007 3772 2051 3835 ad
2062 3791 2164 3857 quarn

127 3854 335 3921 uirtutibus.
379 3854 531 3922 Veritate
552 3866 585 3920 et
605 3856 744 3923 lustitia.
783 3855 921 3922 Veritas
941 3856 1129 3941 profitetur,
1180 3877 1266 3943 opus
1289 3869 1340 3922 est
1362 3859 1626 3946 congregatione
1653 3870 1688 3924 et
1708 3858 1832 3944 signiS,
1860 3878 1946 3945 qnae
1966 3869 2046 3924 sunt
2065 3857 2165 3924 nervi

41 4016 46 4023 .
146 3940 463 4024 undesintaccepta
483 3941 658 4021 beneficia,
681 3956 713 4008 et
730 3943 857 4009 lustitia
880 3944 1024 4008 vicissim
1047 3939 1129 4008 obli-
1181 3944 1463 4030 congregationis.

171 4039 206 4091 at
239 4028 282 4091 ad
315 4039 430 4093 mutua
463 4028 635 4093 beneficia.
701 4028 755 4094 De
778 4029 930 4095 Veritate
952 4028 1073 4094 dicitur
1094 4030 1129 4093 in

146 4048 304 4180 lentum
347 4112 506 4180 Sacrifica
528 4113 603 4179 Deo
636 4114 837 4181 sacrificium
860 4112 980 4183 laudis.
1035 4114 1129 4193 ltem,
1265 4114 1339 4180 Etsi
1360 4124 1471 4181 eutem
1500 4116 1533 4179 in
1555 4114 1669 4180 Moise
1690 4118 1797 4182 verba
1817 4116 2010 4182 nominatim
2054 4116 2163 4182 raeci·

24 4254 29 4267 s
145 4204 270 4269 invoca
291 4220 343 4265 me
365 4200 400 4265 in
421 4201 475 4265 die
496 4197 730 4279 tribulationis,
753 4212 785 4267 et
802 4203 938 4286 eripiam
960 4214 993 4268 te
1011 4211 1044 4266 et
1056 4200 1129 4308 plo-
1177 4202 1272 4286 piunt
1294 4202 1336 4267 de
1357 4203 1499 4288 septimo
1521 4203 1591 4282 die,
1622 4213 1733 4267 tamen
1754 4204 1900 4268 sciamus
1921 4213 2015 4270 certo
2073 4203 2162 4268 osai·

33 4360 36 4365 ,
147 4288 293 4352 rilicubis
316 4308 379 4352 me.
424 4285 517 4360 Item,
541 4285 750 4353 confitemini
772 4288 938 4366 Domino,
972 4308 1128 4375 quomam
1179 4307 1239 4354 cas
1263 4285 1492 4369 Germanias,
1526 4300 1713 4376 quaesunt
1733 4289 1814 4354 iuris
1837 4289 1989 4373 posiu‘ri,
2016 4286 2162 4356 abolitae

148 4375 257 4438 honus
280 4383 347 4439 ete.
390 4371 444 4439 De
467 4370 671 4461 obligatione
701 4393 782 4439 vero
814 4395 856 4439 ac
877 4385 990 4440 mutuo
1014 4373 1127 4439 osticio
1178 4394 1266 4439 esse.
1287 4373 1331 4439 Et
1351 4372 1476 4441 Paulus
1498 4394 1661 4461 expresse
1681 4376 1803 4461 inquit=
1825 4375 1931 4441 Nemo
1954 4395 2018 4441 vus
2040 4386 2163 4461 arguat

149 4460 268 4524 dicitur
290 4459 402 4525 Oseae
424 4462 456 4524 2.
500 4458 574 4548 Ego
597 4457 798 4525 frumentum
820 4462 872 4566 eis
892 4461 990 4566 dedi,
1016 4472 1128 4567 etan
1177 4460 1212 4526 in
1236 4461 1374 4566 'vicibus
1395 4460 1571 4568 Festorum
1599 4473 1658 4527 aut
1691 4461 1927 4567 Sabbatomm.
1981 4460 2053 4527 Sed
2083 4471 2165 4546 post

148 4565 234 4647 rum,
252 4563 294 4609 ex
316 4566 382 4631 quo
404 4543 558 4654 fecerunt
577 4541 674 4613 Baal.
709 4545 753 4612 Et
774 4546 938 4613 Dominus
961 4547 1128 4632 srgurlicat
1178 4543 1326 4650 pohtram
1337 4546 1521 4654 Mosaicam
1543 4545 1687 4613 lrherum
1709 4558 1762 4612 est
1784 4547 1912 4653 eligere
1932 4548 2020 4614 diem
2040 4556 2162 4615 nostro

147 4633 927 4867 pitttttdtl‘ttsssttdtilffltd
942 4631 1128 4800 lidda?
1177 4630 2164 4827 ttltt?itttltltnttttttttdl'zt‚tels

473 4900 501 4967 ·.
1178 4803 2163 4971 ,cmiter

234 4971 366 5080 'lertrns
398 4995 481 5044 uene
505 4978 605 5044 divini
625 4978 862 5059 noninieest,
892 4986 986 5048 recte
1006 4979 1131 5047 docere
1179 4977 1321 5054 Quoties
1354 4981 1535 5047 comedetis
1562 5000 1684 5066 panem
1704 4979 1816 5059 hano,
1849 4990 1886 5046 et
1903 4975 2063 5065 poculum
2094 4978 2164 5046 hoo

22 5136 30 5149 ,
98 5080 102 5087 ·
149 5063 349 5142 memnon,
369 5081 472 5149 quan
490 5062 589 5133 Deae
608 5065 753 5133 tradidit.
1179 5066 1305 5148 bibitis,
1336 5078 1478 5137 morem
1497 5066 1637 5135 Domini
1665 5067 1876 5148 munden.
1908 5066 2019 5135 ἀοιω
2038 5065 2163 5136 rem
