4628 5588
43 5100 55 5139 t
142 5082 326 5153 Pontifices
347 5085 570 5156 adversantur
601 5087 758 5177 coniugio
780 5087 1019 5171 secerdotum,
1050 5089 1129 5177 qula

142 142 215 231 bea
684 154 693 171 ·
784 162 898 229 ann.
920 160 1025 229 ntea
1046 160 1235 229 scurra
1256 158 1542 228 noetianos:
1692 148 1726 247 χ’
1826 210 1887 257 ,Ι
2066 162 2173 231 sss

148 357 292 421 beratia
313 350 390 439 lege
409 350 549 432 morali,
576 349 758 431 videlicet,
788 352 956 418 iudicante
988 362 1022 416 et
1043 350 1133 418 occi·
1185 352 1299 418 vident
1320 349 1518 419 coelibatum
1535 352 1580 417 ad
1600 352 1806 419 temnendam
1827 353 2007 438 potentiam
2028 363 2062 419 et
2083 373 2170 439 opes

147 443 246 508 dente
268 460 345 518 eos,
368 452 401 505 et
423 440 465 503 ab
489 450 625 504 aeterna
647 440 715 516 ira,
750 458 849 525 quam
869 436 926 505 lex
949 438 1131 504 denuntiat.
1184 439 1421 523 expeditiorem
1453 459 1539 504 esse
1583 438 1658 503 lloc
1690 439 1792 503 modo
1824 459 1899 504 cum
1933 449 2047 504 extent
2067 451 2172 506 notae

145 527 275 594 Norant
307 528 340 592 in
371 522 430 590 illa
450 523 594 590 naturali
616 526 731 590 notitia
752 545 820 589 non
841 546 903 609 pro
929 526 985 590 oni
1007 525 1132 611 gratui-
1184 525 1303 609 impiae
1326 522 1507 589 voluntatis
1530 527 1562 590 in
1585 526 1782 611 quibusdam
1804 523 1988 589 manifestis
2004 522 2170 607 articulis,

145 625 214 679 tam
245 612 477 678 remissionem
509 623 744 697 peccatorum,
776 610 852 675 ideo
884 548 1019 676 ahands
1040 620 1131 696 pete·
1184 611 1267 674 satis
1288 623 1428 695 apparet
1450 630 1511 675 eos
1532 631 1600 676 non
1622 610 1742 697 ngtcrt
1764 612 1853 675 bono
1866 611 2002 695 Spiritu,
2024 611 2092 677 Se'd
2115 632 2171 677 es·

148 700 230 767 bant
251 699 492 776 remissionem,
514 695 613 770 Quod
635 698 664 761 si
686 697 875 761 sensissent
896 698 942 762 ita
963 716 1001 762 se
1022 699 1131 762 iustos
1183 715 1222 760 se
1244 693 1360 760 hostes
1377 694 1513 776 Christi,
1535 708 1570 763 et
1591 716 1653 761 nec
1675 699 1708 761 in
1730 697 1882 762 caeteris-
1895 694 2045 763 articulis
2066 718 2172 784 quae·

51 850 56 877 ¹
117 782 229 864 iore,
253 807 328 851 cum
351 787 423 849 sine
441 785 521 849 vitio
544 795 673 861 essent,
697 785 955 849 succubuissent
976 784 1010 848 in
1021 802 1131 873 agone
1182 802 1258 847 rere
1280 782 1462 849 veritatem·
1486 783 1601 857 Quare
1623 799 1740 849 eorum
1762 782 1882 848 iudicia
1904 792 2099 850 constanter
2116 804 2173 851 re·
2222 790 2235 813 '

144 873 387 949 conscientiae,
417 872 478 935 sed
500 881 619 933 norant
640 872 714 935 ideo
737 872 938 954 promissum
961 887 1040 935 esse
1061 866 1130 935 Sal-
1163 869 1366 954 'pudiemua
2143 870 2148 877 '

146 971 308 1036 vetorem,
331 969 367 1022 ut
389 968 575 1021 statuerent
596 974 635 1021 se
657 953 791 1041 placere
814 954 902 1034 Deo,
924 957 1055 1021 etiamsi
1077 975 1131 1020 es·
1670 1028 1677 1045 ,
2165 990 2168 997 ·

145 1058 221 1109 sent
242 1044 369 1131 indigni
391 1056 424 1106 et
445 1042 613 1108 immundi.
658 1040 717 1105 Sic
745 1043 934 1107 sentiebant
962 1061 1001 1106 se
1021 1041 1130 1107 iustos
1269 1036 1405 1105 Psalmo
1427 1040 1482 1104 42.
1510 1037 1654 1106 affirmat
1681 1052 1834 1105 renatum
1853 1060 1922 1105 non
1944 1058 2024 1107 esse
2044 1041 2173 1109 iustum

144 1150 234 1211 esse,
259 1148 335 1195 non
367 1126 506 1214 propter
532 1124 662 1215 legem,
695 1128 757 1192 sed
789 1138 927 1214 propter
955 1139 1131 1194 venturum
1181 1139 1320 1213 propter
1342 1146 1455 1211 opera,
1477 1127 1538 1190 sed
1561 1126 1638 1207 fide,
1660 1126 1718 1192 Sic
1741 1129 1828 1193 enim
1850 1127 1972 1231 inquit:
2001 1123 2108 1193 Plane
2127 1129 2173 1194 ti·

144 1213 362 1283 salvatorem.
556 1254 559 1261 ·
982 1224 1009 1261 ⁶
1182 1233 1248 1291 me,
1271 1214 1300 1278 si
1322 1213 1442 1277 iustum
1464 1225 1497 1278 te
1519 1214 1615 1293 dicis,
1632 1215 1662 1277 si
1683 1232 1751 1277 non
1774 1209 1983 1279 habesrilam
1992 1226 2199 1280 vocemex'

195 1372 199 1379 ,
228 1324 237 1335 ·
1182 1297 1250 1363 alio
1272 1295 1425 1362 Psalmo:
1447 1299 1498 1363 Ne
1520 1301 1623 1364 intres
1645 1300 1678 1363 in
1701 1300 1855 1365 iudicium
1875 1320 1951 1364 cunr
1973 1320 2074 1366 serro
2095 1311 2173 1381 tuo,

230 1386 303 1452 llas
335 1397 536 1452 tantas-res
572 1380 805 1471 complectitur
825 1382 978 1450 liberatio
1000 1404 1022 1449 a
1042 1381 1131 1471 lege,
1183 1385 1270 1449 Nam
1286 1385 1316 1447 si
1337 1384 1493 1449 iudicium
1515 1385 1705 1451 exhibueris
1727 1387 1800 1450 sine
1823 1386 2069 1464 misericordia,
2100 1405 2173 1472 quo

145 1494 230 1560 quas
252 1493 327 1538 non·
340 1470 528 1559 intelligunt
549 1470 702 1535 homines
724 1473 853 1550 securi,
886 1473 942 1558 qui
963 1472 1132 1551 nesciunt,
1182 1470 1261 1536 tbot
1303 1470 1340 1535 Si
1362 1471 1555 1555 iniquitates
1578 1472 1814 1538 observaveris
1837 1469 1991 1550 Domine,
2023 1468 2174 1545 Domiu'e

144 1561 228 1645 quid·
257 1562 301 1625 sit
333 1579 414 1625 vera
439 1558 658 1644 poenitentia,
691 1558 877 1638 invocatio,
911 1559 1053 1642 denique
1075 1560 1132 1643 qui
1183 1557 1259 1643 quis
1281 1556 1481 1622 sustinebit?
1523 1558 1574 1622 Ne
1607 1559 1711 1623 intres
1736 1561 1771 1623 in
1792 1557 1948 1623 iudicium
1966 1577 2043 1623 eum
2064 1577 2173 1637 servo

144 1667 212 1711 non
235 1658 433 1712 exercentur
444 1643 703 1721 adflictionibus,
727 1656 761 1709 ct
782 1657 839 1709 aut
860 1643 985 1708 habent
1001 1645 1130 1709 animos
1183 1654 1253 1722 tuo,
1275 1644 1353 1731 quia
1375 1661 1443 1707 non
1463 1643 1698 1710 iustificabitur
1719 1645 1752 1708 in
1776 1654 1961 1728 conspectu
1980 1653 2039 1709 tuo
2057 1645 2173 1710 omnis

144 1745 329 1817 occupatos
360 1728 601 1816 voluptatibus,
635 1742 692 1794 aut
725 1726 933 1795 delectantur
966 1731 1037 1795 suis
1061 1731 1131 1814 opi·
1183 1729 1314 1794 vivens.
1336 1726 1430 1815 Ergo
1452 1731 1481 1795 si
1503 1750 1571 1794 non
1593 1729 1827 1796 iustificabitur
1847 1731 1881 1794 in
1903 1741 2088 1814 conspectu
2108 1740 2172 1797 tuo

143 1821 312 1905 nionibus,
346 1829 379 1883 et
399 1828 622 1901 aspernantur
638 1816 778 1881 verbum
800 1814 876 1895 Dei,
906 1817 1027 1882 autad
1049 1834 1130 1880 sues
1184 1816 1290 1880 omnis
1313 1815 1443 1894 vivens,
1476 1818 1554 1964 quia
1576 1818 1764 1902 quicunque
1785 1815 1841 1880 hic
1861 1817 1959 1895 vivit,
2012 1813 2174 1883 numlibet

143 1906 397 1992 imaginationes
419 1901 593 1968 inflectunt
613 1923 655 1967 ac
677 1912 902 1987 corrumpunt.
1182 1902 1268 1966 iuste
1286 1901 1379 1980 vivit,
1398 1922 1462 1966 vae
1483 1900 1552 1983 ib,
1561 1904 1590 1966 si
1614 1924 1688 1967 cum
1710 1922 1751 1967 eo
1775 1905 1807 1967 in
1826 1903 1981 1968 iudicium
2057 1922 2098 1968 us
2120 1898 2174 1971 luss

95 2058 105 2069 ,
1182 1989 1330 2053 traverit.
1374 1986 1459 2051 Nam
1492 1998 1525 2052 et
1551 1988 1639 2072 apud
1660 1985 1760 2053 aliun.
1783 1986 1984 2072 prophetam
2005 2009 2174 2074 arrogan-

228 2073 387 2141 Nonnulli
409 2073 594 2140 adversarii
615 2075 808 2153 astutiores,
841 2074 905 2138 etsi
925 2073 1040 2139 vident
1062 2071 1130 2138 Au·
1182 2084 1236 2138 tes
1257 2084 1291 2138 et
1313 2075 1479 2158 superbos
1503 2076 1553 2139 sic
1574 2074 1744 2160 obiurgat:
1768 2073 1880 2147 Quare
1900 2093 2031 2140 meeum
2043 2077 2171 2141 iudicio

144 2162 267 2250 gratini
291 2173 324 2226 et
344 2174 494 2226 nostram
515 2161 820 2242 interpretationem
842 2179 923 2225 vere
945 2178 1023 2224 esse
1034 2157 1131 2224 Pauli
1183 2159 1404 2224 contenditis?
1427 2160 1554 2225 Omnes
1576 2159 1800 2246 dereliquistis
1812 2181 1877 2240 me,
1899 2160 1980 2225 dicit
1991 2159 2172 2228 Dominus.

123 2269 187 2314 ac
197 2247 418 2331 Propheticae
440 2258 473 2312 et
484 2245 703 2332 Apostolicae
724 2247 910 2329 scripturae
921 2246 1131 2325 sententiam,
1182 2243 1261 2310 Noli
1281 2265 1365 2330 ergo
1387 2246 1509 2311 iudicio
1543 2247 1763 2327 contendere,
1799 2245 1842 2310 de
1864 2267 1999 2332 operam
2020 2267 2099 2313 esse
2121 2249 2173 2313 iu·

144 2345 256 2399 tamen
290 2336 490 2417 obstrepunt
522 2332 633 2409 nobis,
667 2344 699 2393 et
722 2330 891 2417 Origenis,
925 2330 1131 2418 Hieronymi,
1183 2344 1268 2410 stus,
1291 2342 1325 2395 et
1347 2336 1572 2418 quantumque
1587 2332 1703 2413 tueris,
1727 2332 1888 2398 confitere
1907 2345 2173 2483 teqeccatoreru

147 2418 392 2504 chrysostomi,
426 2428 460 2481 et
480 2418 598 2482 nescio
621 2436 759 2502 quorum
782 2418 992 2481 autoritatem
1016 2419 1129 2495 citant,
1184 2436 1274 2495 csse,
1298 2436 1399 2500 spera
1420 2418 1699 2497 misericordiam,
1733 2421 1821 2483 etin
1843 2419 1930 2484 iusta
1976 2417 2066 2484 umili
2086 2441 2173 2487 con·

145 2527 213 2568 non
236 2506 326 2589 quod
347 2501 425 2568 illos
448 2524 528 2567 vere
551 2524 593 2566 ex
614 2505 723 2567 arriroo
745 2505 899 2588 probent,
922 2504 1130 2582 sedtuntum,
1183 2501 1333 2567 sessione
1354 2504 1507 2568 securius
1530 2501 1704 2589 alloquere
1725 2507 1912 2570 turbantem
1935 2517 1981 2583 te,
2003 2518 2037 2570 et
2046 2504 2172 2573 tumul·

97 2655 99 2659 ,
145 2602 182 2656 ut
203 2591 317 2656 sucum
339 2586 463 2654 saciant
483 2589 655 2675 imperitis,
678 2609 722 2654 uc
742 2589 918 2654 videantur
940 2589 1031 2656 victi.
1053 2588 1131 2653 Non
1183 2599 1329 2654 tuentem
1351 2592 1514 2655 adversus
1535 2603 1570 2655 te
1592 2593 1733 2656 enirnam
1756 2603 1858 2669 tuam,
1870 2589 1983 2664 Quare
1999 2593 2104 2656 tristis
2128 2612 2171 2659 es

138 2678 252 2742 'enim‘
265 2673 420 2741 adserunt
451 2676 636 2741 adversarii
666 2675 710 2738 ad
738 2674 824 2740 haec
853 2676 1032 2741 certamina
1070 2675 1130 2740 bo·
1182 2675 1292 2740 anima
1312 2695 1398 2755 mea,
1419 2687 1453 2741 et
1474 2697 1580 2762 quare
1601 2678 1783 2744 conturbas
1793 2677 1868 2742 me‘l
1888 2677 1976 2743 forte
1999 2679 2033 2742 in
2053 2692 2087 2743 te
2107 2699 2173 2746 vo·

144 2785 222 2828 nam
245 2763 481 2828 conscientiam
504 2773 537 2826 et
558 2761 702 2826 studium
736 2762 947 2847 quaerendae
969 2761 1129 2841 veritatis,
1183 2759 1279 2827 lebas
1301 2761 1462 2847 sperare?
1504 2784 1605 2849 spera
1621 2765 1654 2827 in
1677 2762 1839 2842 Domino,
1871 2784 1939 2829 non
1961 2765 1994 2830 in
2017 2777 2066 2848 te,
2088 2765 2194 2850 quid.

144 2850 213 2914 Sed
249 2851 360 2916 odium
392 2852 511 2927 nostri,
543 2858 767 2931 contemptum
794 2846 981 2934 Evangelii,
1017 2868 1131 2912 curam
1183 2850 1269 2912 enim
1291 2868 1330 2913 es
1352 2851 1386 2912 in
1408 2861 1452 2930 tc,
1472 2851 1549 2933 quid
1572 2868 1610 2915 es
1633 2851 1675 2913 de
1699 2851 1753 2917 te?
1775 2847 1835 2913 lile
1857 2852 1902 2913 sit
1922 2851 2049 2915 sanitas
2072 2853 2107 2915 in
2123 2863 2173 2932 te,

143 2936 287 3002 tuendae
310 2955 392 3000 suae
413 2934 610 3000 autoritatis.
656 2932 744 3005 Quid
789 2931 909 3017 opulus
931 2934 973 2999 de
995 2931 1130 2999 Christo
1205 2935 1240 2999 ui
1261 2935 1393 3020 accepit
1416 2932 1554 3002 vulnera
1575 2948 1712 3021 propter
1733 2947 1778 3017 te,
1801 2946 1835 3001 ct
1855 2937 1979 3022 inquit:
2002 2935 2112 3024 Spera
2134 2938 2173 3004 in

144 3022 278 3100 sentiat,
300 3022 466 3108 quomodo
485 3020 676 3085 erudiantur
697 2955 893 3097 Ecclesiae,
927 3018 1009 3084 nihil
1026 3019 1070 3084 ad
1092 3037 1131 3083 se
1217 3021 1368 3088 ominum

144 3108 311 3190 pertinere
331 3107 490 3184 iudicant,
512 3125 553 3168 ac
575 3106 692 3188 partim
715 3116 829 3252 aqerte
851 3118 1008 3171 exercent
1030 3125 1130 3192 syco-
1294 3117 1297 3123 '

144 3191 347 3278 phanticam‚
365 3203 402 3256 ιιι
424 3188 607 3269 Cochleus,
635 3189 743 3255 Vuice
757 3194 808 3256 ius
830 3204 863 3255 et
886 3189 1022 3270 similes,
1053 3211 1130 3277 par·
1269 3188 1393 3256 Psalm.
1417 3191 1470 3257 31.
1516 3190 1580 3266 Qui
1602 3204 1680 3258 sunt
1702 3192 1813 3261 beati?
1855 3191 1931 3257 Non
1953 3189 2019 3273 illi,
2039 3195 2074 3258 iu
2094 3193 2170 3280 qui·

144 3279 203 3342 tim
225 3289 304 3344 sunt
326 3278 471 3363 tyranni,
492 3290 526 3343 et
548 3289 769 3364 tyrannorum
791 3273 966 3357 satellites,
988 3278 1130 3363 quipro·
1182 3279 1247 3345 bus
1268 3298 1336 3343 non
1358 3279 1502 3345 inveniet
1523 3292 1709 3365 peccatum,
1738 3279 1823 3344 Nam
1845 3280 1880 3343 in
1900 3280 2055 3346 omnibus
2076 3281 2172 3347 inve·

169 3375 220 3429 ter
253 3364 435 3449 sapientiae
474 3373 532 3429 aut
573 3365 703 3429 virtutis
726 3363 915 3449 opinionem
943 3366 1130 3452 gubernant
1181 3365 1240 3429 nit.
1286 3363 1411 3430 Omnes
1433 3367 1519 3431 enim
1540 3375 1774 3450 peceaverunt,
1797 3376 1830 3429 et
1851 3378 1951 3451 egent
1969 3363 2078 3452 gloria
2087 3364 2168 3433 Dei.

145 3386 355 3530 lontificum,
376 3446 506 3537 Regum
529 3460 563 3514 et
583 3448 773 3534 Principum
795 3448 948 3531 consilia,
971 3470 1046 3516 cum
1063 3451 1130 3515 sint
1181 3450 1220 3516 si
1251 3471 1335 3539 ergo
1368 3453 1401 3516 in
1424 3452 1578 3517 omnibus
1607 3462 1745 3537 peccata
1766 3453 1987 3532 inveniuntur,
2008 3464 2170 3534 remanet,

144 3534 298 3601 homines
321 3535 423 3615 ἄθεοι,
457 3536 514 3621 qui
546 3537 579 3600 in
611 3537 805 3601 uuiversum
827 3537 1030 3602 arbitrantur
1051 3532 1128 3602 rell·
1180 3549 1217 3601 ut
1236 3558 1305 3604 non
1328 3540 1394 3602 sint
1416 3539 1516 3617 beati,
1538 3539 1601 3602 nisi
1624 3558 1764 3624 quorum
1786 3538 1928 3635 remissa
1949 3550 2029 3602 sunt
2045 3559 2169 3625 pccca-

149 3624 268 3709 giones
291 3623 540 3687 commenticias
559 3640 656 3700 esse,
690 3641 731 3687 ec
753 3622 817 3686 sibi
849 3623 914 3707 ipsi
946 3624 1064 3689 mirum
1094 3624 1129 3687 iu
1180 3634 1225 3688 ta.
1270 3622 1343 3690 Hoc
1364 3645 1447 3710 ergo
1470 3623 1657 3708 Apostolus
1676 3624 1727 3689 sic
1750 3625 2010 3690 comruendavitt
2051 3622 2169 3691 Credi-

144 3710 279 3774 modum
301 3707 366 3773 hoc
388 3709 521 3773 nomine
542 3705 688 3792 placent,
710 3707 800 3792 quod
821 3710 931 3773 ausint
962 3706 1131 3774 ᾰπιπέδειν
1180 3711 1228 3774 dit
1248 3708 1418 3776 Abraham
1437 3710 1525 3791 Deo,
1547 3723 1579 3775 et
1601 3720 1787 3796 reputatum
1809 3721 1862 3776 est
1882 3711 1913 3775 ei
1935 3711 1979 3775 ad
1999 3711 2168 3777 iustitiam.

145 3820 170 3857 π
188 3793 223 3868 ὃς
244 3793 297 3868 τὰς
317 3793 459 3880 βροντὰς,
493 3806 530 3858 ut
551 3790 606 3857 ille
624 3794 714 3878 apud
735 3792 906 3858 Comicum
928 3796 1043 3880 inquit.
1086 3795 1130 3859 Et
1180 3795 1243 3861 llic
1264 3809 1358 3863 recte
1379 3798 1611 3862 accommodat
1633 3798 1757 3861 dictum
1778 3797 1824 3862 de
1833 3795 1918 3874 lide,
1926 3808 1960 3862 et
1969 3807 2110 3862 testatur
2126 3816 2170 3862 se

145 3821 233 3944 tales
251 3880 369 3944 dicturi
402 3889 480 3943 sunt
502 3880 685 3944 sententias
712 3879 746 3943 in
769 3877 916 3965 Synodis
939 3882 981 3946 de
1004 3878 1130 3947 Christi
1180 3880 1281 3948 iidem
1312 3882 1520 3970 intelligere,
1553 3903 1621 3948 non
1654 3893 1781 3948 tantum
1812 3881 1973 3948 historiae
2003 3883 2169 3965 notitiam,

144 3962 379 4052 gloria'cuius
401 3984 524 4030 nomen
545 3983 621 4029 esse
642 3963 834 4032 fabulosum
857 3967 1013 4054 cogitant.
1181 3970 1244 4034 sed
1265 3967 1429 4049 fiduciam,
1452 3991 1517 4055 qua
1538 3969 1734 4035 confidimus
1763 3969 1861 4034 nobis
1884 3969 2004 4033 remitti
2025 3980 2170 4055 peccata

1179 4067 1318 4141 propter
1338 4054 1518 4121 Christum.
1572 4055 1644 4121 Nec
1676 4076 1758 4122 vero
1780 4057 1956 4141 quisquam
1976 4065 2090 4141 potest
2110 4075 2170 4122 as·

230 4136 377 4203 Proinde
409 4136 485 4221 pios
517 4132 663 4201 lectores
700 4135 881 4218 adhortor,
917 4138 1058 4223 primum
1093 4148 1129 4204 ut
1180 4142 1275 4228 sequi
1297 4138 1392 4207 Pauli
1424 4143 1635 4222 sententiam,
1666 4143 1732 4211 nisi
1765 4142 1816 4208 sic
1847 4138 1952 4207 intelli
1997 4153 2012 4207 t
2042 4144 2170 4208 nomeu¹

145 4224 360 4290 considerent
380 4242 505 4310 genera
525 4222 709 4303 doctrinae,
730 4225 796 4289 utri
815 4222 1008 4310 simpliciter
1030 4235 1064 4289 et
1084 4225 1129 4292 si·
1180 4227 1269 4293 iidei.
1314 4227 1389 4294 Hoc
1418 4248 1501 4296 vere
1523 4240 1588 4308 est,
1619 4239 1656 4294 ut
1679 4228 1810 4307 dicitur,
1831 4226 1866 4291 in
1887 4225 1952 4291 ion·
1977 4248 2017 4293 us
2039 4247 2170 4308 errare,

143 4330 188 4375 ne
220 4307 404 4396 sophistica
426 4311 624 4376 sententiam
646 4310 833 4394 scripturae
855 4309 1075 4397 Propheticae
1096 4323 1130 4379 et
1180 4313 1280 4380 iidem
1301 4325 1428 4381 tuntum
1449 4308 1636 4401 intelligere
1653 4316 1801 4381 notitirnu
1812 4313 1984 4395 historiae,
2005 4334 2072 4380 non
2083 4312 2169 4382 fidu·

143 4394 362 4482 Apostolicae
383 4406 579 4547 qroponant.
623 4393 766 4476 Deinde,
791 4417 865 4462 cum
886 4396 1005 4489 Patres
1028 4400 1130 4464 citan-
1180 4403 1265 4466 ciam
1308 4402 1495 4488 promissae
1538 4401 1787 4468 misericordiae
1818 4412 1954 4487 propter
1986 4398 2168 4467 Christum.

146 4492 212 4560 tur,
245 4503 332 4569 quae
365 4484 454 4548 dcta
476 4481 611 4548 Petrum
644 4495 722 4549 sunt
744 4494 975 4549 consentanea
997 4486 1130 4551 divinae
1179 4485 1252 4552 Nec
1283 4488 1400 4554 mirum
1433 4498 1504 4567 est,
1536 4487 1725 4553 Monachos
1747 4498 1819 4557 tots
1839 4487 1908 4553 vita
1930 4487 2110 4552 deerrasse
2131 4485 2168 4553 lu

145 4568 232 4633 voci.
275 4567 339 4633 Est
350 4569 437 4634 enim
549 4567 973 4641 adissimilitudoPatrum.
995 4570 1130 4639 Postre-
1180 4575 1368 4640 adamando
1390 4571 1507 4655 Panlo,
1559 4575 1614 4639 uia
1646 4575 1681 4640 in
1706 4573 1776 4639 hoc
1807 4575 1881 4659 ipso
1914 4569 1992 4639 loco
2025 4573 2169 4659 turpiter

97 4710 100 4717 .
144 4670 212 4731 mo,
245 4663 282 4718 ut
313 4653 439 4721 Paulus
448 4590 563 4722 Ἧι
596 4657 741 4741 probare
773 4656 933 4742 spiritus,
970 4654 1128 4724 voluntas
1178 4656 1375 4725 hallucinati
1407 4672 1495 4728 sunt.
1570 4670 1583 4725 t
1614 4681 1704 4727 nunc
1724 4660 1925 4728 adversariis
1947 4658 2035 4725 haec
2053 4656 2167 4746 caligo

143 4739 452 4834 utriusquepartis
484 4742 669 4828 spectanda
686 4752 749 4821 est,
781 4753 814 4807 et
837 4763 967 4808 summa
988 4742 1128 4811 consilii.
1202 4748 1358 4832 reecipue
1390 4747 1624 4834 impedimento
1662 4759 1733 4828 est,
1774 4767 1840 4833 quo
1867 4746 1975 4812 minus
2003 4746 2169 4833 recipiant

144 4823 230 4891 illud
341 4828 570 4909 tadversarii,
592 4850 660 4896 non
676 4844 714 4895 ut
724 4829 846 4915 al'quid
857 4831 1044 4912 emendent,
1066 4832 1129 4898 sed
1178 4768 1368 4898 loctunam
1396 4833 1546 4913 deiide,
1569 4834 1647 4920 quie
1669 4854 1790 4900 nomeu
1811 4833 1890 4899 fidei
1912 4854 1981 4899 non
2002 4844 2097 4899 reete
2117 4832 2167 4897 iu·

143 4922 181 4977 ut
212 4930 259 4999 qu
293 4912 435 4998 'cunque
467 4926 643 5002 praetextu
664 4912 843 4981 defendant
864 4934 960 4980 suam
983 4919 1129 5005 tyranni·
1180 4915 1238 4984 tell
1318 4928 1342 4984 t.
1375 4917 1445 4986 Our
1465 4939 1533 4985 non
1556 4921 1746 5005 expendunt
1767 4916 1846 4986 talia
1868 4919 1922 4986 Au
1970 4919 2048 4984 stini
2064 4918 2166 4999 dicta,

144 4998 233 5079 dem,
263 4996 461 5067 confirment
493 5010 526 5068 et
547 5003 694 5069 muniant
716 5020 811 5088 opes.
853 5000 935 5069 ideo
957 5001 1074 5093 Reges
1095 5014 1129 5070 et
1179 5025 1209 5158 q
1260 5024 1280 5070 e
1311 5005 1379 5072 hoc
1410 5017 1475 5087 est,
1530 5027 1575 5073 uo
1607 5008 1707 5074 modo
1738 5006 1899 5073 recitavit
1924 4942 2005 5072 gllic
2024 5015 2167 5072 testatur

1207 5088 1333 5171 aulum
1353 5090 1421 5160 hoc
1521 5111 1557 5179 e,
1576 5091 1758 5160 'Abraham
1789 5093 1999 5182 pronuntiari
2028 5092 2167 5173 metuo,
