4628 5588
145 169 192 239 sa
763 169 879 236 rhu.
899 167 1004 235 nau.
1027 168 1218 239 scatere
1236 126 1516 262 nonnanes.
1604 236 1609 248 ,
2113 175 2159 244 st

146 370 232 438 tem,
271 361 327 425 ubi
359 363 569 437 nasceretur,
610 359 860 443 conspiceretur
898 369 932 422 et
959 359 1127 424 audiretur
1177 361 1366 446 praeceptis
1388 362 1471 425 meis
1488 357 1666 438 ambulate,
1688 380 1755 426 non
1771 357 1804 425 iu
1823 364 2010 447 praeceptis
2027 373 2159 448 patrum

146 444 300 511 Messias.

232 598 362 664 lnterea
388 610 498 663 tamen
527 597 624 664 valde
652 595 742 663 multi
770 597 866 661 etiam
895 616 935 661 ex
963 596 1125 661 Gentibus

146 688 257 751 vocati
275 683 409 751 luerunt
430 686 472 748 ad
491 686 691 771 agnitionem
715 684 927 761 Mediatoris,
952 695 984 747 et
1006 685 1049 747 ad
1071 705 1125 747 ae-

146 782 274 836 ternam
295 772 462 849 iustitiam,
486 784 522 836 ut
545 772 869 846 Nabuchodonosor,
892 768 1019 854 Cyrus,
1043 767 1125 835 Cor·

144 855 264 937 nelias,
283 870 316 922 et
338 854 403 921 alii.
448 856 489 919 lli
512 854 743 920 intellexerunt
764 853 853 919 aliud
876 875 952 919 esse
976 852 1125 940 politiam

75 938 79 946 ’
144 941 256 1020 blaisi,
279 940 368 1007 aliud
387 939 687 1007 reconciliationem
708 953 745 1009 et
766 953 933 1005 aeternam
950 938 1069 1019 lucem,
1093 952 1125 1004 et

143 1029 299 1093 iustitiam
322 1030 354 1092 in
378 1040 487 1092 mente
509 1042 541 1092 et
565 1031 677 1093 corde.
1022 1027 1025 1033 ’

230 1181 304 1248 Hoc
326 1183 501 1246 discrimen
523 1180 664 1266 intelligi
687 1202 828 1245 necesse
850 1192 919 1259 est,
940 1181 1017 1265 quia
1039 1200 1125 1244 sern-

143 1264 357 1353 perfuerunt
385 1266 518 1332 fanatici
546 1268 714 1345 homines,
748 1269 804 1352 qui
827 1265 926 1331 stulte
953 1264 1125 1330 vociferati

143 1367 239 1417 sunt:
266 1355 433 1419 Forenses
463 1352 557 1439 leges
580 1353 695 1431 llloisi,
719 1374 804 1439 quae
826 1365 935 1416 tamen
958 1372 1025 1414 non
1047 1363 1125 1416 sunt

143 1439 224 1503 luris
235 1438 416 1518 Naturalis,
438 1441 499 1502 sed
520 1439 669 1516 positivi,
692 1440 789 1503 nobis
808 1438 1018 1503 necessarias
1036 1456 1123 1501 esse.

142 1522 185 1591 Et
207 1523 330 1589 nrultae
352 1537 429 1589 sunt
451 1526 569 1608 impiae
590 1528 757 1604 κακοζηλίαι
779 1524 975 1588 Pontificum
1000 1536 1034 1587 et
1053 1524 1124 1587 blo·

142 1611 327 1675 nachomrn
361 1613 404 1676 de
433 1613 640 1674 ceremoniis.
685 1610 739 1688 Ut,
773 1610 805 1673 in
836 1611 944 1676 blaise
971 1607 1124 1691 prohibiti

143 1707 223 1761 sunt
238 1697 368 1781 quidam
388 1697 464 1774 cibi,
486 1696 611 1761 Postea
627 1698 726 1781 igitur
744 1694 868 1760 similes
884 1695 1124 1782 prohibitiones

141 1778 284 1847 bumana
305 1784 489 1847 temeritate
510 1784 678 1846 institutae
700 1794 787 1846 sunt.

229 1934 292 2000 Hic
313 1937 468 2022 neganda
489 1949 542 2002 est
565 1937 820 2021 consequentia:
852 1934 938 2007 Quia
966 1946 1044 2000 tunc
1066 1954 1124 2000 vo-

33 2010 42 2017 *
74 2026 76 2033 ’
142 2009 315 2087 luitDeus
337 2020 484 2107 politiam
507 2023 607 2088 bloisi
629 2024 817 2086 distinctam
840 2041 918 2084 esse
940 2043 961 2085 a
984 2022 1124 2084 caeteris

143 2108 317 2193 gentibus,
346 2122 383 2172 ut
405 2121 497 2172 esset
520 2120 631 2173 certus
655 2120 688 2173 ct
708 2119 808 2171 notus
831 2103 946 2184 locus,
977 2117 1010 2169 et
1032 2118 1124 2171 certa

142 2205 222 2256 nota
244 2215 345 2276 gens,
367 2195 424 2258 ubi
447 2203 643 2258 nasceretur
664 2192 841 2269 Mediator,
863 2193 920 2255 uhi
949 2193 1124 2255 ederentur

141 2280 332 2342 testimonia
355 2280 396 2342 de
417 2281 648 2361 promissione,
670 2291 734 2342 etc.
779 2278 902 2340 Postea
931 2275 1045 2361 politia
1067 2274 1124 2340 illa

140 2363 291 2427 horribili
305 2362 467 2449 ,exemplo
490 2375 626 2450 propter
644 2362 764 2429 multas
785 2382 905 2427 causas
929 2361 1039 2426 deleta
1061 2374 1123 2426 est.

140 2446 185 2514 Et
213 2470 401 2534 quanquam
435 2470 536 2536 saepe
563 2462 688 2514 tentata
715 2461 766 2513 est
796 2450 979 2527 restitutio,
1012 2461 1122 2512 tamen

140 2532 237 2599 Dcus
261 2537 443 2600 seditiones
467 2536 673 2613 ludaeorum,
695 2548 728 2600 ct
750 2556 857 2598 novas
873 2535 1123 2598 aedificationes

26 2654 29 2659 ·
140 2622 320 2706 oppressit.
366 2620 421 2698 Ut,
449 2622 620 2687 Bethoron
649 2624 788 2686 triennio
817 2623 961 2685 obsessa
989 2621 1122 2684 tandem

119 2708 185 2771 ·ab
207 2708 356 2772 Adriano
379 2719 569 2795 expugnata
591 2725 625 2774 et
647 2706 756 2772 deleta
779 2718 842 2784 est,
866 2719 899 2770 et
925 2703 1122 2770 interfectus

140 2804 193 2856 est
221 2792 293 2857 Ben
323 2791 459 2858 Cosban
488 2793 637 2859 Kochab.
682 2793 845 2879 Tempore
871 2789 985 2856 loliani
1014 2803 1123 2855 terrae

140 2890 232 2943 motu
262 2880 401 2942 disiecta
429 2893 507 2946 sunt
535 2879 848 2945 fundamentanori
871 2874 1000 2963 templi,
1032 2877 1123 2962 quod

117 2966 221 3027 'tunc
243 2977 424 3048 coeperant
446 2965 635 3046 aedificare,
660 2979 693 3029 θῖ
711 2961 807 3030 simul
829 2961 931 3028 multa
953 2960 1055 3026 millia
1073 2962 1123 3026 lu·

139 3048 298 3113 dacorum
328 3051 430 3114 ruinis
460 3072 622 3137 oppressa
651 3064 738 3116 sunt.
783 3050 875 3114 Haec
905 3049 983 3114 alibi
1010 3049 1123 3133 copio-

139 3135 213 3200 sius
237 3132 459 3202 declarantur.

226 3308 285 3372 ΙΙΙΙ.
330 3305 464 3371 Gradus
481 3305 659 3371 Libertatis
683 3317 735 3370 est
756 3305 909 3371 liberatio
932 3326 953 3370 a
974 3305 1123 3369 traditio·

142 3390 240 3456 nibus
261 3390 413 3456 humanis
436 3394 468 3456 in
492 3391 659 3471 Ecclesia,
683 3390 838 3457 videlicet
860 3393 1011 3476 primum,
1034 3390 1123 3476 quod

140 3474 223 3543 nulli
247 3488 420 3543 creaturae
442 3475 542 3542 liceat
564 3481 733 3543 instituere
756 3475 863 3543 cultus
885 3477 962 3556 Dei,
986 3489 1043 3540 aut
1065 3473 1123 3540 ali·

142 3583 240 3648 quam
262 3561 370 3650 legem
394 3565 593 3629 contrariam
616 3563 701 3651 Legi
724 3565 853 3629 divinae
876 3566 1031 3628 condere.

229 3736 382 3800 Secundo
404 3736 532 3800 etiamsi
560 3736 593 3798 in
620 3733 792 3812 haesita,
823 3757 896 3799 curn
926 3733 1006 3799 velit
1027 3731 1124 3798 Deus

141 3815 307 3883 honestos
330 3841 537 3905 congressus
559 3819 713 3906 publicos
728 3841 815 3898 esse,
839 3841 924 3905 opus
939 3833 989 3884 est
1007 3820 1123 3883 ordine

142 3914 326 3990 temporum
356 3918 389 3970 et
423 3904 618 3984 lectionum,
653 3921 686 3971 et
718 3903 892 3971 Ecclesiae
926 3925 1123 3970 concessum

23 3996 25 4001 ’
138 4004 213 4070 est,
237 4002 387 4079 tempora
409 4004 443 4056 et
465 3990 626 4056 lectiones
650 3994 871 4076 dist'nguerer
905 3991 1029 4055 Tamen
1057 3990 1123 4054 boe

141 4075 201 4141 fiat
223 4078 296 4143 sinc
319 4078 475 4161 opinione
500 4076 622 4155 cultus,
646 4089 679 4142 θῖ
700 4079 772 4141 sine
795 4079 949 4161 opinione
968 4077 1123 4140 Necessi-

136 4163 231 4226 tatis.
274 4162 317 4228 Et
339 4165 446 4228 sciant
464 4161 627 4242 homines,
650 4174 742 4226 extra
766 4183 879 4227 casum
903 4160 1053 4229 scandali
1075 4174 1123 4227 ta-

141 4242 195 4313 les
213 4249 296 4314 ritus
319 4250 394 4315 sine
414 4262 553 4336 peccato
577 4250 692 4314 omitti.

138 4430 142 4449 -·
229 4401 324 4468 llaec
340 4402 473 4490 'regula
492 4399 496 4409 '
512 4405 709 4469 brevissime
740 4401 827 4468 tollit
859 4400 981 4467 multas
1017 4398 1124 4466 salsas

144 4490 318 4575 opiniones
352 4492 395 4555 dc
423 4489 575 4554 humanis
610 4490 858 4573 traditionibus,
892 4509 979 4574 quae
1010 4499 1043 4553 et
1066 4488 1123 4551 ob·

145 4587 281 4640 scurant
294 4573 511 4658 Evangelium
535 4577 576 4640 de
599 4578 717 4662 gratia,
739 4589 772 4640 et
794 4577 835 4640 de
857 4577 946 4642 veris
967 4572 1125 4652 cultibus,

146 4671 181 4726 et
201 4673 279 4725 sunt
299 4659 508 4746 periculosae
530 4662 741 4727 carnificinae
764 4664 1061 4740 conscientiarum,
1088 4672 1125 4725 ut

106 4828 108 4833 Ι
145 4745 227 4812 alibi
248 4747 418 4830 copiosius
440 4748 570 4814 dicitur.
628 4776 636 4786 ·

154 4882 166 4901 Ι
194 4920 197 4925 ’
233 4899 437 4981 Testimonia
465 4927 573 4983 autem
603 4914 740 5002 regulae
767 4919 836 4982 sint
864 4919 895 4981 in
930 4928 1124 5001 conspectu.

147 5001 239 5071 llaec
249 5003 424 5093 probibent
436 5005 624 5087 opinionem
636 5003 762 5070 cultus:
784 5004 901 5075 blatth.
917 5004 963 5067 15.
988 5002 1126 5067 Frustra

1179 458 1379 524 vestrorum,
1401 458 1464 510 etc.

1263 601 1323 667 llis
1346 602 1443 668 dictis
1466 619 1628 684 expresse
1649 597 1843 683 prohibetur
1872 602 1982 686 opinio
2010 603 2158 668 necessi·

1177 688 1273 753 tatis:
1306 685 1533 753 Colossenscs
1553 687 1583 751 2.
1629 686 1733 750 Nemo
1766 706 1830 751 vos
1848 688 1971 752 iudicet
2002 690 2036 752 in
2069 690 2158 769 cibo,

1190 786 1276 852 totu,
1305 775 1434 839 vicibus
1462 773 1588 836 dicrum
1616 770 1794 850 festorum,
1817 784 1880 838 etc.
1926 772 1968 836 Et
1990 773 2101 838 Galat.
2123 775 2157 839 5.

1176 796 1214 922 ln
1235 856 1406 936 libertate,
1428 861 1461 922 in
1483 879 1549 943 qua
1561 855 1714 921 Christus
1737 879 1800 923 vos
1821 861 1972 938 vocavit,
1996 870 2103 939 state,
2125 870 2160 926 et

1177 966 1243 1009 non
1266 946 1384 1009 iterum
1411 945 1490 1029 iugo
1512 945 1681 1007 servitutis
1704 945 1932 1009 subiiciami'ni.
1976 945 2048 1010 Nec
2074 966 2157 1011 con·

1178 1031 1307 1094 dcndae
1337 1050 1399 1093 nec
1432 1025 1666 1094 intellicendae
1699 1040 1777 1092 sunt
1810 1031 2003 1094 traditiones
2037 1043 2159 1098 contra

1176 1114 1264 1181 baua
1286 1116 1471 1201 doctrinam
1491 1116 1525 1179 in
1537 1079 1733 1201 ilvangelio
1755 1117 1919 1180 traditam.

1583 1493 1745 1581 Contra.

1237 1719 1331 1802 Non
1369 1721 1500 1802 minus
1538 1719 1712 1800 debetur
1749 1720 1982 1803 obedientia
2018 1720 2096 1801 Ec·

1297 1839 1452 1942 clasiae,
1484 1868 1608 1948 quam
1639 1840 1831 1949 potestati
1861 1840 2057 1950 politicae.

1238 1959 1415 2042 Violatio
1445 1959 1696 2070 politicarum
1734 1960 1871 2069 legum
1909 1973 1971 2041 est
2000 1989 2096 2071 pec-

1296 2090 1444 2160 catum.
1525 2081 1731 2161 Romanos
1776 2084 1839 2162 13.
1919 2080 2096 2161 Necesse

1297 2209 1360 2280 est
1403 2197 1586 2302 obedire,
1631 2227 1714 2280 non
1758 2199 1888 2280 solum
1932 2211 2098 2310 propter

1296 2318 1407 2423 iram,
1439 2317 1666 2401 sedetiam
1697 2331 1862 2430 propter
1890 2321 2097 2402 conscien-

1295 2439 1406 2518 tiam.
1627 2461 1630 2467 '

1236 2555 1343 2667 Ergo
1375 2570 1418 2639 et
1446 2558 1610 2640 violatio
1642 2556 1921 2640 Traditionum
1950 2558 2096 2640 huma-

1294 2707 1437 2759 nartrm
1468 2678 1510 2758 iu
1540 2676 1727 2781 Ecclesia,
1760 2691 1822 2759 est
1851 2689 2075 2788 peccatum.

1260 2890 1460 2976 Respondeo
1493 2893 1633 2976 primum
1668 2893 1712 2956 ad
1750 2890 1926 2956 hlaioremt
1970 2891 2156 2957 hlinisterio

1173 2975 1378 3062 Evangelicc
1407 2979 1555 3042 debetur*
1576 2978 1782 3055 obedientia,
1806 2991 1969 3063 quatenus
1991 2990 2044 3042 est
2066 2981 2156 3043 mini·

1174 3063 1309 3127 sterium
1324 3059 1505 3149 Evangelii,
1528 3084 1594 3128 non
1618 3065 1650 3127 in
1672 3062 1744 3128 aliis
1768 3065 1927 3129 doctrinis
1951 3077 2008 3129 aut
2024 3062 2157 3148 legibus

1176 3159 1271 3213 extra
1295 3147 1522 3234 Evangelium.
1567 3150 1653 3223 Qta
1676 3151 1891 3214 ministerium
1917 3149 2157 3234 Evangelicum

1175 3254 1242 3297 non
1271 3235 1372 3299 habet
1398 3246 1598 3319 potestatem
1628 3236 1791 3299 condendi
1821 3233 1905 3299 alias
1934 3232 2039 3320 leges.
2083 3235 2156 3301 Nec

1174 3320 1278 3384 habet
1304 3320 1570 3404 prohihitionem.
1615 3323 1678 3387 Sed
1708 3332 1859 3407 potestas
1886 3319 2022 3404 politica
2053 3321 2158 3386 habet
2236 3365 2238 3369 -

1175 3407 1242 3470 duo
1264 3407 1434 3471 mandata:
1459 3406 1601 3472 Primum
1624 3407 1830 3492 proponendi
1858 3404 1982 3493 Legem
2010 3407 2156 3471 divinam

1175 3489 1353 3569 llloralcm,
1382 3503 1414 3556 et
1435 3494 1617 3578 exequendi
1644 3512 1789 3575 poenas3
1829 3490 1982 3557 Alterum
2015 3493 2158 3557 addendi

1175 3577 1228 3642 ius
1256 3577 1454 3657 Positivum,
1475 3579 1508 3642 id
1531 3590 1601 3656 cst,
1626 3579 1916 3642 determinationes
1940 3577 2154 3643 circumstan-

1176 3664 1309 3729 tiarumr
1343 3663 1411 3729 Sed
1439 3685 1505 3729 non
1534 3678 1722 3751 pugnantes
1754 3685 1829 3728 cum
1859 3661 1990 3749 legibus
2023 3664 2155 3742 Ι(Ιίνίῖῖίε,

1177 3770 1262 3836 quae
1284 3751 1327 3815 ad
1344 3770 1407 3815 nos
1425 3751 1602 3835 pertinent.

1261 3901 1543 3988 Respondendmn
1567 3905 1734 3968 astatium
1757 3902 1799 3966 ad
1822 3901 1996 3968 lllinorem.
2041 3900 2152 3983 Dissi-

1176 3984 1252 4053 mile
1275 4001 1344 4054 est:
1370 3988 1513 4055 Violatio
1535 3986 1647 4074 legum
1668 3989 1877 4074 politicarum
1900 4001 1953 4054 est
1994 4003 2156 4068 eccatum,
2268 4022 2272 4027 ·

1152 4076 1154 4079 ’
1199 4075 1253 4138 uia
1285 4073 1352 4139 hoc
1380 4077 1424 4140 ita
1458 4076 1612 4140 divinitus
1646 4076 1809 4139 sancitum
1844 4086 1896 4139 est

1210 4179 1271 4225 eus
1293 4159 1502 4245 corporalem
1527 4162 1625 4225 vitant
1648 4162 1718 4247 regi
1739 4158 1868 4245 legibus
1890 4073 2156 4246 blagiillrtathiihtm,

1175 4258 1209 4312 et
1231 4245 1355 4325 babere
1376 4266 1437 4311 eos
1454 4258 1654 4332 potestatem
1678 4248 1841 4312 condendi
1860 4244 1989 4332 aliquas
2007 4244 2112 4334 leges.

1262 4396 1387 4465 Contra
1416 4420 1497 4465 vero
1527 4421 1686 4484 expresse
1716 4406 1880 4468 sancitum
1908 4400 2019 4464 estin
2045 4397 2164 4465 Evam·

1176 4482 1277 4572 gello,
1302 4508 1344 4551 nc
1361 4486 1563 4551 existimetur
1579 4507 1656 4552 esse
1672 4500 1857 4570 peccatum,
1874 4484 2008 4552 violatio
2025 4485 2157 4563 rituum,
2177 4532 2180 4537 -

1201 4573 1233 4637 ui
1265 4585 1343 4636 sunt
1376 4573 1517 4636 ordinati
1557 4575 1599 4638 ab
1634 4573 1810 4659 Fpiscopis
1851 4593 1913 4637 seu
1947 4571 2156 4635 pastoribus.

1176 4594 1262 4732 auia
1283 4656 1355 4723 vult
1375 4657 1470 4722 Deus
1492 4655 1677 4724 Ecclesiam
1701 4672 1825 4723 tautum
1852 4678 1915 4721 suo
1944 4658 2049 4721 verbo
2073 4656 2156 4742 regi,

1176 4766 1243 4832 quo
1272 4745 1454 4808 redduntur
1483 4745 1604 4809 iustitia
1626 4757 1658 4809 ct
1692 4746 1758 4825 vita
1785 4756 1931 4808 aeterna.
1982 4741 2057 4805 Non
2084 4739 2157 4808 vult

1176 4830 1252 4894 addi
1281 4829 1441 4894 humanas
1473 4832 1679 4896 traditiones.
1725 4831 1777 4894 Aa
1804 4849 1937 4913 semper
1968 4829 2000 4891 in
2034 4829 2156 4893 mundo

1177 4928 1352 4981 creverunt
1385 4914 1494 4994 idola,
1529 4937 1603 4982 cum
1639 4914 1703 4980 bac
1735 4917 1953 5000 persuasione
1987 4913 2156 4978 bominum

1175 5003 1276 5067 animi
1298 5001 1452 5066 fascinati
1474 5005 1620 5082 luerunt,
1643 5000 1806 5068 humanos
1829 5001 1911 5067 ritus
1935 5020 2013 5066 essa
2035 4999 2156 5078 cultus,

147 5110 202 5157 me
223 5087 336 5155 colunt
356 5091 522 5157 mandatis
540 5088 721 5156 hominum.
762 5090 806 5156 Et
827 5085 984 5155 Ezechiel
1005 5088 1059 5153 ΙΙΙ.
1089 5086 1126 5153 ln
1148 5071 1154 5133 l
1176 5100 1210 5153 et
1231 5107 1309 5154 esse
1330 5108 1386 5154 res
1407 5090 1630 5155 necessarias.
