4628 5588
211 329 349 458 'Quid
378 354 610 439 nominatur
640 350 948 438 Sacramentum
977 352 1021 451 in

526 473 731 605 Ecclesia?

229 688 483 756 Sacramentum
505 690 539 754 in
560 687 894 766 cho'l'estamento,
916 698 953 752 ut
968 682 1123 752 Ecclesia

141 774 299 862 loquitur,
322 788 375 841 est
396 778 480 840 ritus
502 775 657 842 divinitus
679 775 866 854 institutus,
894 773 1025 840 additus
1046 793 1123 859 pro·

68 918 74 928 ,
142 862 293 928 missioni
319 862 353 927 in
380 861 567 949 Evangelio
589 861 746 942 traditae,
774 871 812 926 ut
832 862 876 926 sit
902 859 1123 925 testimonium

143 958 177 1014 et
198 951 322 1036 pignus
345 949 511 1014 exhibitae
532 960 566 1014 et
587 944 1028 1034 applicatae'promissionis
1040 944 1123 1010 Gra·

141 1034 330 1188 tiGgeghldeo
352 1047 504 1103 vetustas
527 1036 621 1100 dixit:
651 1038 899 1101 Sacramentum
921 1045 974 1098 est
991 1033 1124 1119 signum

190 1142 212 1188 a
258 1141 288 1187 e.

186 1416 323 1520 Quare
354 1416 482 1500 additi
514 1428 608 1499 sunt
637 1417 736 1499 utris
766 1415 1078 1527 promulgationi

484 1536 780 1647 promissionis?
939 1539 946 1553 ⁸

227 1750 353 1819 Multae
375 1770 499 1818 causae
521 1765 611 1831 sunt,
634 1753 696 1817 sed
717 1751 857 1816 marrime
872 1747 1020 1816 illustres
1043 1764 1121 1816 sunt

141 1841 207 1906 bae
220 1840 317 1905 duae.
349 1837 436 1912 Quia
457 1858 533 1902 cum
554 1838 649 1903 Deus
672 1835 810 1925 colligat
820 1835 1011 1903 Ecclesiam
1032 1839 1122 1902 edita

141 1926 376 2013 promissione,
399 1935 433 1989 et
454 1935 580 1989 tantum
601 1920 648 1989 illi
669 1922 751 1989 liant
771 1923 934 1988 haeredes
957 1925 1046 1988 vitae
1066 1942 1121 1987 ae·

141 2022 272 2095 ternae,
295 2012 350 2096 qui
372 2011 582 2094 promissioni
605 2010 647 2074 de
668 2011 852 2075 lilediatore
870 2010 1026 2086 credunt,
1050 2006 1121 2074 vult

140 2099 239 2181 etiam
260 2094 383 2163 illustri
404 2096 592 2178 testimonio
616 2095 738 2160 visibili
760 2095 912 2159 omnibus
933 2092 1120 2159 hominibus

141 2184 321 2249 ostendere
348 2183 618 2268 promissionem,
652 2194 685 2245 et
716 2182 750 2244 in
778 2181 818 2244 iis
844 2176 1032 2264 applicare,
1065 2181 1121 2264 qui

141 2289 216 2336 eam
237 2267 303 2334 lide
325 2265 580 2352 amplectuntur,
602 2267 722 2345 idest,
744 2263 916 2331 testificari
938 2264 1028 2350 quod
1045 2285 1121 2348 pro·

80 2352 84 2359 ’
141 2355 258 2420 missio
281 2354 323 2419 ad
344 2355 438 2439 ipsos
459 2353 633 2437 pertineat.
677 2352 763 2417 Nam
783 2351 961 2435 promissio
984 2370 1121 2436 genera·

141 2438 185 2506 lis
208 2453 271 2506 cst.
310 2440 410 2504 Eides
432 2450 542 2503 autem
565 2449 598 2503 et
619 2458 701 2503 usus
724 2436 938 2502 Sacramenti
952 2434 1122 2521 applicant

142 2546 217 2593 eam
249 2527 292 2591 ad
325 2524 478 2610 singulos
514 2525 699 2589 credentes.
745 2522 794 2588 lta
826 2524 966 2608 primurn
1003 2527 1121 2589 Sacra·

135 2622 254 2681 'menta
275 2622 353 2676 sunt
374 2613 472 2697 signa
493 2606 756 2686 voluntatisDei
772 2629 854 2695 erga
869 2628 946 2688 nos,
967 2606 1122 2673 videlicet

142 2695 475 2765 comnioneiacientia
496 2717 559 2762 nos
582 2698 623 2762 de
644 2696 877 2782 promissione,
899 2706 932 2760 et
953 2692 1121 2779 applican-

139 2784 204 2936 ἕο,
219 2785 258 2848 id
281 2797 345 2862 est,
368 2783 579 2850 testificantia
600 2784 690 2868 quod
708 2783 885 2865 promissio
907 2781 950 2847 ad
965 2800 1030 2846 nos
1047 2801 1121 2867 per·

165 2880 252 2936 neat.
915 2884 921 2897 ’

228 3003 346 3071 Altera
368 3025 472 3071 causa
493 3016 558 3085 est,
579 3005 668 3090 quod
691 3024 766 3069 cum
787 3001 868 3069 velit
888 3000 984 3070 Deus
1006 3022 1121 3068 omnes

143 3087 326 3158 salvandos
354 3091 455 3156 inseri
482 3088 675 3168 Ecclesiae,
708 3100 741 3154 ot
774 3090 907 3194 adiungi
939 3090 1120 3155 ministerio

142 3175 332 3264 Evangelii,
353 3178 440 3242 sieut
457 3177 580 3242 dictum
601 3186 668 3241 est:
691 3173 785 3248 Quos
802 3173 914 3261 elegit,
935 3174 999 3240 hos
1017 3187 1121 3240 atvo-

143 3265 242 3341 cavit,
265 3263 399 3330 tradidit
408 3264 491 3327 ritus
507 3260 679 3328 manileste
696 3261 924 3326 discernentes
936 3259 1122 3326 Ecclesiam

122 3350 186 3417 'ab
207 3348 362 3414 omnibus
392 3349 556 3436 gentibus.
600 3347 643 3411 Et
672 3357 708 3410 ut
736 3359 977 3432 agnosceretur
1002 3344 1122 3410 Eccle-

141 3436 203 3515 sia,
227 3444 261 3502 et
282 3435 345 3519 ipsi
366 3437 450 3501 ritus
467 3435 654 3500 testimonia
671 3443 799 3512 essent,
822 3434 877 3518 qui
894 3431 1121 3511 ostenderent,

142 3519 229 3588 velle
261 3520 370 3589 Deum
402 3541 466 3585 nos
500 3540 578 3586 esse
613 3519 782 3585 auditores
807 3520 901 3583 vocis
934 3515 1121 3604 Evangelii,

142 3627 205 3673 nec
227 3612 312 3686 eos,
339 3607 396 3693 qni
423 3628 490 3672 non
519 3607 654 3673 audiunt
686 3625 805 3672 vocem
831 3602 1025 3690 Evangelii,
1058 3623 1122 3669 nec

142 3691 226 3760 fiunt
247 3694 339 3759 cives
361 3693 459 3759 huius
489 3704 607 3760 coetus
631 3703 844 3770 vocatorum,
878 3710 956 3755 esse
983 3687 1122 3754 electos.

142 3777 193 3844 lta
213 3775 286 3844 vult
307 3777 404 3845 Deus
426 3776 612 3845 Ecclesiam
636 3779 785 3882 conspici
807 3772 934 3856 oculis,
958 3788 991 3841 et
1011 3775 1123 3841 visibi-

71 3892 77 3899 ·
142 3861 208 3930 lem
241 3883 335 3943 esse,
369 3875 406 3930 nt
439 3867 641 3950 cogitemus,
674 3867 732 3930 ubr
765 3863 808 3929 sit
842 3862 991 3928 doctrina
1017 3863 1124 3948 ipsius

80 3982 83 3987 ·
142 3950 353 4039 quaerenda‘.²

229 4092 311 4155 Sunt
327 4089 426 4174 igitur
443 4089 656 4153 Sacramenta
672 4085 770 4171 signa
781 4084 1010 4149 confirmantia
1024 4082 1124 4149 iidem

143 4191 227 4261 erga
260 4171 370 4239 Deum
377 4218 388 4253 ,
428 4172 505 4258 quia
545 4182 623 4236 sunt
655 4172 844 4235 testimonia
881 4169 1123 4255 applicationis,

141 4259 229 4326 sicut
254 4257 380 4326 Paulus
403 4259 550 4324 nominat
580 4255 872 4322 circumcisionem
902 4256 1056 4342 σφραγίδα
1078 4255 1123 4324 δι-

141 4345 314 4427 καιοσύνης,
336 4345 451 4425 idest,
475 4341 620 4431 sigillum
640 4344 803 4423 institiae,
826 4342 903 4429 quia
923 4344 1124 4420 testabatur,

761 156 876 225 Pam
898 155 1003 224 nnn.
1026 152 1216 225 SCRIPTA
1235 74 1516 226 bonuarios

2110 157 2294 361 ‘'U''

1172 344 1298 410 dictum
1319 340 1445 411 fuerat:
1469 344 1593 419 Samen
1614 341 1760 409 mulieris
1782 356 1934 411 conteret
1955 366 1995 410 ca
2018 355 2055 411 ut
2083 364 2156 415 st·
2207 400 2238 445 ,
2304 388 2313 399 -

1172 431 1295 517 pentis-
1340 428 1560 518 Signiticabat
1581 432 1659 496 item
1682 427 1923 512 circumcisio,
1946 433 1980 496 in
2052 426 2176 529 effi

1172 517 1343 582 neratione
1382 514 1508 585 carnali
1540 517 1634 583 nasci
1654 529 1818 581 naturam
1850 518 2018 583 boninum
2052 539 2156 598 ream,
2228 566 2243 593 .

1172 602 1383 682 immundam,
1405 612 1440 668 et
1458 603 1732 687 praecidendam,
1753 602 1819 668 hoc
1840 618 1909 684 est,
1938 605 2050 671 morti·
2063 604 2156 671 addi·

1174 700 1274 764 ctam,
1296 689 1358 753 scd
1401 699 1516 793 ropter
1538 690 1739 775 pmmissum
1760 708 1874 755 semen
1902 692 1994 755 iuxta
2016 666 2156 763 Μιιιι
2210 694 2220 711 ’

1173 771 1360 839 Ecclesiam
1425 776 1565 841 binnam
1586 795 1664 841 esse
1684 795 1808 841 novam
1825 787 1859 841 et
1875 788 2045 844 aeternam
2062 778 2156 849 insti·
2198 816 2202 823 ·

1173 861 1253 925 tiam
1275 871 1309 925 et
1328 861 1437 935 ¹vitam.
1706 932 1717 941 η
2114 946 2120 959 .
2235 852 2276 915 4
2292 908 2312 945 ,ᾖ

1261 998 1317 1101 ξίιιο
1357 995 1550 1100 Baptismus
1586 993 1818 1148 principalitar
1861 998 2046 1103 significat,
2089 968 2184 1097 isos·

1174 1080 1977 1319 egge.¹2..itts:¹¹{t..}¹¹ii.tstdi¹..;.
1991 1087 2156 1240 iiiiii:
2212 1134 2290 1313 ,ξι-ι

1175 1273 1315 1320 eones.
2212 1283 2216 1291 .

2182 1308 2237 1395 d.

1261 1388 1377 1456 Coena
1388 1387 1522 1455 Domini
1544 1389 1712 1478 significat
1728 1389 1966 1477 principaliter,
1988 1413 2052 1459 nos
2075 1414 2155 1461 esse

1173 1477 1322 1542 membra
1354 1472 1495 1554 Christi,
1530 1488 1562 1541 et
1589 1477 1692 1541 inseri
1722 1480 1792 1542 eius
1821 1481 1971 1564 corpori,
1994 1490 2039 1547 ¹et
2059 1479 2157 1546 ablui

1173 1584 1236 1627 nos
1258 1563 1364 1647 ipsius
1386 1563 1559 1666 sanguine.
1590 1561 1654 1628 Est
1676 1564 1685 1627 i
1711 1563 1776 1629 itur
1799 1566 2019 1630 testimonium
2042 1578 2075 1630 et
2096 1586 2153 1630 ex·

1172 1647 1296 1713 bibitae
1318 1648 1549 1732 promissionis
1559 1585 1746 1736 Evangelii,
1769 1661 1801 1713 et
1819 1649 2005 1735 applicatae
2027 1652 2154 1735 adsin-

1173 1733 1283 1819 gnlos.
1339 1731 1470 1798 Deinde
1501 1745 1553 1798 est
1586 1734 1860 1800 commonefactio
1899 1737 1941 1801 de
1974 1737 2156 1822 gratiarnm

1172 1822 1312 1886 actione.
1343 1819 1422 1884 ldco
1445 1821 1631 1884 nominatur
1652 1819 1840 1907 εὐχαριστία,
1863 1833 1898 1886 et
1920 1821 2155 1908 sicntCypria·

1172 1927 1236 1972 nus
1259 1907 1381 1992 optime
1403 1906 1494 1985 dicit,
1515 1916 1569 1970 est
1586 1909 1854 1973 commemoratio
1872 1910 1941 1975 dati
1962 1919 1995 1972 et
2011 1904 2154 1994 accepil.

2261 1446 2281 1479 b

1257 2040 1320 2106 Est
1340 2045 1419 2108 item
1440 2061 1563 2107 nervus
1586 2039 1739 2127 publicae
1761 2045 2042 2131 congregationis.
2074 2044 2155 2110 ltem

1171 2129 1394 2192 'testimonium
1426 2139 1559 2192 mutuae
1593 2125 1777 2193 dilectionis
1811 2141 1844 2194 et
1884 2131 2086 2195 concordiae
2120 2131 2156 2196 in

1172 2214 1290 2279 eadem
1311 2209 1479 2290 Ecclesia,
1507 2214 1595 2278 sicut
1616 2215 1795 2298 antiquitas
1822 2214 1963 2280 foedera
1991 2212 2071 2281 fecit
2098 2235 2153 2280 so·

1173 2301 1292 2365 cietate
1314 2299 1577 2364 ceremoniarum
1599 2310 1631 2364 et
1654 2320 1802 2366 mensae.
1846 2300 1942 2367 Unde
1970 2314 2003 2365 et
2031 2321 2154 2368 nomen

1173 2384 1320 2464 σπονδαὶ,
1343 2387 1465 2467 idest,
1487 2383 1683 2463 libationes,
1706 2406 1768 2472 pro
1792 2383 1984 2452 foederibus
2013 2409 2153 2472 usurpa·

1172 2474 1262 2537 bant.
1305 2470 1399 2550 ltem,
1426 2469 1589 2535 Vetusius
1617 2472 1714 2536 dixit:
1746 2470 1814 2546 toric
1840 2469 1917 2546 ὅλας
1938 2478 1989 2536 rui
2005 2472 2062 2552 -τῆν
2083 2473 2154 2559 πρά·

1172 2562 1264 2638 πεζαν
1279 2555 1321 2638 μή
1333 2559 1539 2642 παραβαίνειν.
1585 2556 1688 2621 lta'in
1709 2555 1863 2623 Ecclesia
1885 2560 2032 2623 societas
2055 2559 2153 2624 huius

1172 2641 1416 2729 pulcherrimae
1444 2643 1625 2707 communis
1659 2645 1922 2709 manducationis
1949 2642 2154 2730 intelligatur

1172 2727 1340 2796 vinculum
1361 2749 1439 2794 esse
1462 2729 1643 2794 communis
1667 2731 1889 2809 concordiae,
1918 2751 1984 2816 quo
2004 2729 2155 2815 copulati

1173 2836 1289 2881 omnes
1312 2836 1412 2879 unum
1434 2817 1536 2880 simus
1559 2816 1687 2900 inipso
1711 2813 1866 2893 Christo,
1890 2829 1923 2881 et
1944 2838 2012 2881 non
2036 2818 2154 2881 distra-

1172 2902 1290 2967 bamns
1312 2898 1498 2966 Ecclesiam
1519 2899 1686 2967 luroribus
1709 2902 1917 2985 opinionum,
1941 2896 2169 2967 ambitionum‘

1173 3000 1206 3053 et
1242 2988 1410 3065 odiorum,
1445 2987 1511 3053 Sed
1543 3007 1676 3073 semper
1711 2986 1802 3053 initio
1834 2986 2036 3074 principales
2068 2987 2153 3053 lines

1173 3074 1435 3139 considerentur.

1442 3365 1535 3478 [nn
1565 3367 1886 3480 utronno]

1301 3584 1304 3590 Ι
1418 3624 1529 3728 Quid
1560 3636 1622 3707 est
1651 3623 1928 3736 Baptismusi.

1260 3841 1322 3906 Est
1343 3842 1492 3907 instituta
1512 3861 1534 3906 a
1551 3838 1635 3906 Filio
1646 3840 1710 3907 Dei
1733 3843 1856 3906 mersio
1874 3843 2055 3927 inaquam,
2079 3863 2155 3908 cum

1173 3929 1438 4078 pronuntiatione
1459 3926 1747 4013 verborumaEgo
1766 3928 1898 4013 baptizo
1921 3939 1954 3992 te
1971 3930 2003 3992 in
2022 3928 2154 3994 nomine

1113 4048 1118 4055 ·
1203 4015 1284 4079 atris
1307 4024 1340 4078 et
1361 4010 1449 4090 Filii,
1479 4026 1512 4080 et
1534 4014 1674 4098 Spiritus
1696 4015 1824 4093 sancti,
1852 4013 2054 4092 testificans,
2076 4015 2168 4099 quia¹

1174 4100 1241 4165 hoc
1262 4100 1483 4164 testimonium
1511 4100 1665 4164 divinitus
1693 4100 1876 4164 institutum
1904 4113 1972 4177 est,
2000 4121 2074 4166 enm
2097 4099 2155 4185 qui

1175 4206 1249 4251 cum
1271 4186 1337 4251 hac
1357 4185 1625 4270 pronuntiatione
1647 4187 1823 4251 verborum
1846 4188 2015 4269 mergitur,
2036 4206 2154 4251 recon·
2197 4200 2200 4205 '

1176 4269 1280 4337 ciliari
1298 4270 1372 4337 Deo
1394 4278 1530 4357 propter
1551 4270 1735 4351 Christum,
1758 4283 1791 4337 et
1812 4272 2015 4338 sanctificari
2033 4272 2155 4357 Spiritu

1176 4371 1295 4426 sarrcto
1318 4359 1484 4424 advitam
1506 4368 1687 4424 aeternam.

140 4431 399 4519 promissionem
419 4434 588 4517 pertinere
609 4430 650 4495 ad
668 4428 849 4498 Abrabam.
893 4426 1026 4494 Deinde
1047 4437 1125 4495 sunt
1197 4502 1200 4507 ¹

142 4517 241 4606 signa
262 4517 434 4614 societatis
456 4516 629 4583 Ecclesiae
651 4527 685 4582 et
706 4514 941 4582 conlassionis.

230 4652 582 4721 Consideratisautem
599 4651 838 4741 principalibus
849 4651 983 4731 linibus,
1004 4661 1125 4737 postea

142 4730 339 4828 Allegoriae
377 4751 410 4806 et
442 4742 471 4806 sl
518 4739 702 4823 iiicationes
736 4736 822 4804 aliae
855 4739 932 4803 addi
970 4747 1126 4824 possunt.

143 4824 202 4909 Ut,
231 4825 447 4894 circumcisio
483 4829 531 4892 ult
557 4827 590 4891 in
613 4824 670 4892 illa
692 4845 815 4892 arcana
836 4834 931 4909 parta
958 4823 1123 4910 corporis,

144 4923 184 4983 ut
204 4925 296 4980 esset
315 4913 467 4980 miranda
487 4912 665 4978 admonitio
689 4914 731 4978 dc
752 4923 891 4979 venturo
914 4909 1049 4975 semine.
1071 4908 1126 4974 Ac

144 4997 245 5067 simul
264 4994 369 5067 multa
389 4998 612 5087 significabat,
635 4996 792 5066 videlicet
807 5018 849 5065 ex
858 4995 1004 5084 posteris
1019 4993 1126 5060 Abra·

147 5083 213 5154 bae
233 5096 407 5155 veumrnn
435 5104 515 5154 este
541 5081 693 5153 mutare
712 5104 845 5167 samm,
868 5084 911 5152 de
938 5099 1006 5171 quo
1027 5088 1127 5147 antea

1321 4654 1438 4758 Quae
1469 4667 1533 4738 est
1565 4655 1764 4737 sententia
1794 4655 2013 4737 verborum

1558 4772 1782 4888 Baptismi?

1264 4989 1339 5078 Ego
1361 4989 1494 5074 baptizo
1517 5001 1550 5056 te
1567 4989 1603 5055 in
1619 4987 1754 5054 nomine
1775 4986 1897 5068 Patris,
1921 4983 2006 5067 Filii,
2030 4998 2065 5053 et
2088 4987 2158 5074 Spi-

1176 5078 1262 5145 ritus
1284 5076 1406 5158 sancti,
1426 5076 1461 5144 id
1482 5087 1548 5157 est,
1570 5074 1645 5164 Ego
1666 5073 1816 5142 minister
1836 5074 1980 5142 bocritn
1997 5073 2161 5142 testiiimr
