4628 5588
832 203 876 269 V.
904 201 1177 271 exculcabo
1199 146 1580 272 svntaoat'tttcattt.
1678 246 1682 251 -

198 392 353 456 choatam
377 404 410 457 et
431 403 704 472 consummatam,
725 394 759 458 id
781 407 845 472 est,
867 394 1123 460 vivificationem
1146 407 1180 460 et
1231 415 1310 459 esse
1332 415 1520 462 censemus.
1564 395 1607 460 Et
1617 394 1692 461 Deo
1716 398 1843 483 gratias
1866 400 2008 485 agimus,
2033 403 2123 486 quod
2146 424 2214 479 non

197 490 299 543 totam
325 481 598 567 gubernationem
619 493 826 566 sequentem,
850 485 969 566 que-lit
990 483 1096 547 aDeo
1118 502 1181 567 per
1232 481 1340 547 solum
1363 481 1520 631 patefecit
1543 482 1682 568 Legem,
1706 486 1767 548 sed
1791 487 1889 549 etiam
1911 488 1999 551 misit
2021 486 2158 569 Filium,
2177 494 2214 556 'et

197 564 315 630 Filium
349 578 382 630 et
406 567 560 648 Spiritum
589 580 740 631 sanctum
769 569 802 630 in
833 570 972 653 renatis,
1008 571 1049 633 ad
1079 570 1180 640 vitant
1232 590 1299 633 non
1321 590 1429 633 soum
1459 570 1559 632 edidit
1586 572 1838 654 promissionem
1862 574 2008 658 gratiae,
2032 578 2092 639 sed
2116 579 2214 641 etiam

196 669 377 716 aeternam,
411 652 529 717 'lotum
553 655 639 717 enim
664 654 855 718 beneficiam
875 654 1068 720 hlediatoris
1092 677 1180 719 eom·
1232 677 1351 720 revera
1373 656 1468 719 adest
1489 657 1600 735 nobis,
1624 670 1819 743 regenerat,
1842 660 2048 739 sanctificat,
2071 665 2216 748 protegit

195 736 511 823 plectitur-nornine
539 739 628 804 Doni
661 762 722 823 per
751 740 911 805 Gratiam.
957 742 1009 804 Ac
1042 741 1180 806 multum
1232 754 1266 807 et
1289 745 1453 827 gubernat
1480 764 1544 807 nos
1566 745 1717 824 assidue,
1747 746 1835 809 sicut
1856 748 1888 810 in
1912 746 2056 813 iohanne
2079 750 2214 815 dicitur:

196 822 300 888 refert
318 838 407 888 recte
420 824 557 912 intelligi
576 827 662 890 haee
674 823 849 905 voeabula,
862 848 926 912 qun
939 830 971 891 in
985 850 1021 892 re
1035 842 1067 892 et
1082 828 1178 913 phra·
1231 829 1268 893 Si
1291 831 1366 914 quis
1397 827 1498 914 diligit
1529 851 1597 910 me,
1631 852 1818 896 sermonem
1848 854 1956 897 nreanr
1985 837 2149 912 servabit,
2182 846 2216 901 et

196 911 245 974 sis
270 911 424 976 llebraea
454 913 662 978 consulenda
689 925 759 991 est,
794 927 827 978 et
860 917 1103 979 consideranda
1128 928 1180 979 est
1233 914 1332 980 Pater
1354 937 1448 979 meus
1478 915 1592 1001 diliget
1616 939 1706 995 eum,
1736 931 1768 983 et
1796 921 1838 982 ad
1861 940 1936 985 eum
1959 923 2148 1002 veniemus,
2182 934 2216 987 et

195 999 421 1062 narrationum
456 1001 581 1079 series,
616 1014 648 1064 et
680 1001 816 1064 materia
850 1001 884 1063 in
914 999 1061 1085 quolibet
1089 999 1178 1079 ioco,
1232 1004 1440 1067 mansionem
1463 1007 1551 1087 apud
1574 1026 1648 1069 enm
1670 1002 1841 1070 faciemus

197 1082 280 1148 Cum
294 1083 463 1149 Romanos
480 1088 512 1151 t,
537 1087 673 1152 dicitur:
697 1087 856 1171 (iperanti
880 1109 1008 1152 merces
1032 1109 1097 1152 nan
1121 1090 1178 1152 im·

195 1182 330 1255 putatur
359 1172 542 1236 secundnm
573 1175 731 1257 gratiam:
764 1171 819 1236 hic
841 1176 1018 1258 perspicue
1041 1176 1178 1259 gratiam

194 1254 335 1321 relative
358 1256 460 1321 intelli
487 1260 511 1321 it
538 1261 711 1345 gratuitam
736 1257 1000 1325 benevolentiam
1031 1282 1093 1325 seu
1120 1264 1179 1324 im·

194 1345 411 1426 putationem.
462 1280 528 1408 Est
556 1348 642 1409 eninr
669 1346 870 1411 Antithesis:
904 1345 1093 1412 Laboribus
1124 1349 1179 1410 tle-

195 1429 293 1492 betm·
316 1449 454 1493 nterces.
499 1432 549 1504 At¹
567 1432 726 1509 credenti,
755 1434 883 1496 etiarnsi
906 1454 972 1497 non
996 1433 1091 1497 allent
1112 1455 1179 1498 nte·

195 1518 272 1593 rita,
297 1526 406 1579 tumen
429 1515 466 1580 iit
488 1518 660 1602 imputatio
683 1520 826 1582 institiae
848 1522 1001 1607 gratuita.

281 1685 408 1752 Eodem
429 1690 528 1753 modo
551 1702 669 1773 postea
691 1689 851 1776 loquitur:
875 1690 953 1756 ldeo
977 1712 1018 1755 ex
1041 1690 1107 1755 lide
1125 1712 1177 1756 se·

195 1773 338 1838 cundum
363 1775 514 1859 gratiam,
534 1788 570 1839 ut
593 1778 636 1841 sit
659 1778 753 1841 lirma
775 1780 972 1863 promissio,
997 1780 1029 1842 id
1054 1791 1122 1853 est,
1144 1792 1180 1844 ut

195 1861 240 1923 sit
273 1874 366 1923 certa
400 1860 646 1942 reconciliatio,
679 1885 745 1928 non
774 1867 897 1949 pendet
925 1886 965 1929 ex
991 1867 1178 1929 conditione

195 1955 332 2009 nostrae
355 1949 536 2032 dignitatis,
570 1951 630 2013 sed
654 1962 707 2014 est
729 1953 886 2036 gratuita.
932 1951 993 2015 liic
1020 1967 1177 2037 qnantum

128 2094 131 2099 ,
196 2028 319 2117 reserat
347 2032 546 2099 vocabulum
575 2036 711 2101 Gratiae
739 2051 831 2102 recte
854 2035 1008 2123 intelligi,
1032 2060 1097 2102 non
1121 2040 1178 2102 ob-

197 2137 329 2193 scurum
349 2133 411 2185 est.
442 2121 526 2185 Nam
543 2125 572 2187 si
596 2125 721 2188 iudices
744 2126 790 2188 ita
812 2139 845 2186 te
864 2123 987 2188 habere
1012 2127 1178 2189 r·ernissio·

196 2224 284 2280 nem,
307 2224 379 2270 cum
402 2205 506 2272 fueris
529 2211 650 2295 dignus
674 2223 705 2273 et
723 2211 878 2289 mundus,
902 2210 1108 2287 ethabueris
1122 2233 1177 2275 ex·

198 2287 523 2381 cellentesvirtutes,
545 2316 629 2381 quas
653 2295 809 2361 li‘lonachi
831 2299 1002 2362 nominant
1024 2302 1178 2384 gratiam,

1319 1158 1381 1222 liic
1396 1177 1538 1242 guoque
1560 1159 1626 1222 dno
1647 1157 1705 1223 illa
1727 1160 1892 1225 beneficia
1913 1164 2105 1241 recitantur,
2130 1163 2214 1228 iira-

1232 1244 1278 1306 tia
1312 1256 1345 1307 et
1379 1246 1501 1307 donum
1524 1266 1585 1327 pet·
1613 1248 1768 1331 gratiam,
1803 1260 1835 1311 et
1864 1249 1982 1311 modus
2012 1251 2215 1333 exprimitur,

1232 1351 1298 1414 qno
1321 1332 1539 1414 accipiantur.
1583 1334 1709 1396 lnitiunr
1732 1346 1785 1397 est
1800 1334 1857 1397 ¹ab
1885 1336 1998 1397 auditu
2028 1334 2214 1421 Evangelii,

1233 1436 1308 1479 cnm
1329 1416 1362 1479 in
1393 1419 1613 1483 conversione
1642 1440 1727 1483 voce
1749 1417 1923 1503 Evangelii
1955 1440 2019 1484 nos
2049 1433 2215 1487 sustenta·

1232 1523 1318 1579 ntus,
1341 1500 1438 1566 simul
1460 1502 1545 1568 haee
1568 1507 1661 1583 liunt,
1685 1505 1787 1569 Pater
1808 1505 1913 1592 diligit
1936 1527 2011 1586 noS,
2031 1508 2139 1584 idest,
2164 1528 2215 1573 re·

1232 1590 1311 1671 cipit
1343 1610 1404 1672 per
1437 1592 1694 1655 misericordiam
1727 1606 1864 1676 propter·
1887 1591 2021 1672 l'iliunt,
2056 1606 2087 1657 et
2111 1592 2216 1659 Filius

1233 1677 1309 1738 dicit
1328 1675 1590 1742 consolationem
1607 1679 1640 1742 in
1659 1680 1773 1756 corde,
1798 1681 1943 1743 ostendit
1955 1680 2215 1745 nriscricordiam

1231 1761 1359 1839 Patris,
1389 1776 1421 1826 et
1453 1763 1598 1828 vivificat
1629 1768 1806 1830 credentes
1831 1778 1994 1831 retractos
2023 1787 2064 1830 ex
2094 1763 2216 1831 tlnlori·

1233 1850 1295 1910 bus
1317 1846 1516 1927 inferorum,
1539 1863 1572 1914 et
1594 1851 1694 1915 l’ater
1714 1872 1775 1934 pet·
1797 1874 1871 1917 eum
1894 1852 2030 1917 effundit
2057 1852 2216 1936 Spiritum

1231 1948 1385 1999 sanctum
1408 1938 1439 1999 in
1464 1937 1578 2015 corda,
1601 1949 1637 2001 ut
1659 1937 1746 2002 tales
1769 1952 1878 2004 motus
1901 1938 2085 2004 babeamus
2104 1936 2215 2023 qttalis
2260 1986 2266 1997 ,»

1230 2021 1302 2103 ipse
1325 2032 1387 2098 est,
1410 2020 1573 2087 laetemur·
1596 2025 1626 2086 iu
1653 2023 1738 2102 Deo,
1761 2022 1940 2113 diligamus
1963 2038 1996 2089 et
2017 2026 2212 2090 invocemus

1230 2126 1317 2184 eum,
1338 2119 1371 2171 et
1393 2129 1457 2173 nos
1480 2111 1510 2173 ei
1532 2110 1763 2189 subiiciamus,
1797 2132 2022 2198 agnoscamus
2045 2110 2212 2175 infirmita·

1230 2205 1294 2257 tem
1319 2206 1352 2258 et
1373 2193 1521 2285 pericula
1543 2216 1680 2275 nosra,
1709 2208 1742 2260 et
1764 2201 1908 2262 sciamus
1930 2199 2028 2271 trabis
2055 2200 2215 2263 immensa

1230 2282 1457 2345 misericordia
1468 2280 1537 2346 Dei
1559 2284 1764 2366 propositum
1787 2306 1866 2349 esse
1883 2282 2038 2348 auxilium
2057 2286 2215 2364 divinum,

197 2390 353 2460 sequetur
380 2378 507 2444 infinita
540 2384 699 2447 dubitatio
734 2396 768 2447 et
801 2385 1000 2468 desperatio.
1046 2385 1087 2449 Et
1112 2383 1177 2447 Ro.
1231 2379 1348 2431 contra
1370 2369 1592 2433 intirmitatem
1612 2390 1635 2432 n
1680 2383 1774 2448 tram,
1797 2382 1831 2434 et
1852 2382 1970 2434 contra
1992 2367 2215 2434 Diabolotnm

194 2483 311 2526 manos
328 2465 360 2527 li.
394 2467 429 2528 Si
453 2469 592 2552 gratiam
615 2471 891 2557 interpreterisut
913 2470 1070 2535 lilonachi
1089 2467 1177 2535 dele-
1230 2456 1371 2558 Γξώῖθῐῐῖς
1396 2457 1589 2561 ,ᾹῐΙνθΨ
1618 2458 1682 2520 ῑῦθ
1712 2468 1862 2562 Petam?
1894 2456 1957 2519 Del
1979 2458 2214 2541 Ρΐθθδθῐὶῐῗῑῑῑΰι

193 2559 247 2611 m,
269 2549 475 2617 consorano,
504 2554 579 2619 Non
603 2559 686 2627 „gs
708 2561 772 2621 811ι)
794 2555 904 2635 Lege,
931 2558 991 2620 ,ed
1014 2561 1077 2623 sub
1125 2578 1177 2621 m,
1230 2553 1317 2604 stent
1340 2542 1477 2605 dicitur:
1500 2538 1648 2607 balvabo
1671 2564 1734 2608 ves
1757 2565 1823 2607 non
1846 2566 1879 2608 tn
1902 2564 1995 2622 arcu,
2020 2545 2079 2608 sed
2099 2542 2215 2607 inDo·

193 2637 249 2699 tla-
294 2636 357 2701 llio
382 2637 506 2704 Paulus
534 2642 599 2708 hoe
620 2644 730 2728 ipsum
758 2626 921 2728 agitsnos
944 2642 1080 2726 placere
1136 2664 1177 2707 00
1231 2628 1318 2690 mino
1347 2625 1421 2690 Deo
1456 2642 1585 2706 vestro,
1619 2631 1651 2692 id
1686 2640 1755 2706 est,
1783 2632 1820 2733 in
1835 2626 1947 2706 lilio,
1979 2632 2034 2714 qui
2059 2651 2138 2694 vere
2161 2640 2214 2694 est

193 2734 332 2807 propter
364 2722 500 2803 Filium,
533 2748 599 2793 non
616 2743 768 2814 ,propter
796 2742 943 2795 nostram
974 2731 1177 2814 dignitatem,
1229 2711 1402 2790 ΕΙΙΜΠΙΙΕΙ,
1425 2734 1505 2778 vere
1526 2716 1625 2781 adest
1644 2716 1876 2794 effldffllilbssS,
1900 2738 1973 2780 cum
1999 2736 2083 2780 Voce
2106 2715 2215 2779 EVDD·

194 2827 267 2870 cum
290 2810 421 2894 quidem
445 2812 555 2877 adbuc
577 2814 715 2881 haereat
736 2818 769 2880 in
785 2817 915 2880 renatis
934 2817 1053 2903 ingens
1076 2818 1178 2882 imbe·
1231 2798 1307 2905 {5¹55
1330 2810 1577 2905 ⁸¹¹⁸i⁰¹¹¹⁰¹¹i¹lf3
1607 2812 1639 2864 θῑ
1660 2799 1758 2866 ⁸³¹¹¹¹¹¹
1781 2802 1839 2866 ‘¹⁰‘
1855 2801 2018 2906 ‘Sl‘iritum
2042 2795 2214 2907 ⁸⁰P⁰⁰¹P¹l¹²

195 2890 317 2958 cillitas
341 2911 374 2961 et
395 2912 580 2982 peccatum,
1231 2885 1289 2949 bic
1310 2885 1338 2949 l.
1362 2885 1429 2950 lob.
1452 2887 1484 2949 4.
1509 2887 1644 2952 drettur:
1668 2886 1703 2950 ln
1728 2887 1793 2952 boe
1815 2908 1950 2965 scnnus,
1973 2890 2061 2972 quod
2084 2909 2116 2952 ιιι
2139 2906 2215 2972 ipso

1231 2992 1414 3052 manemus,
1436 2975 1563 3058 etipse
1584 2975 1619 3039 in
1639 2976 1750 3054 nobis,
1772 2975 1849 3061 quia
1867 2975 1909 3038 de
1921 2972 2047 3057 Spiritu
2070 2994 2133 3040 suo
2151 2974 2214 3049 dat

281 3066 457 3153 Signilicat
489 3072 590 3157 igitur
622 3071 738 3137 Gratia
776 3076 952 3159 gratuitam
992 3075 1179 3140 misericor·
1231 3059 1340 3123 ”⁰⁶¹⁸-

193 3152 292 3233 diam‚
316 3157 514 3238 promissam
536 3172 673 3244 propter
686 3157 814 3225 lilium.
849 3161 1046 3247 Quanquam
1069 3174 1179 3228 autem

191 3234 278 3304 ha'ec
300 3243 500 3331 significatio
524 3248 636 3319 nativa
658 3262 726 3310 est:
760 3258 868 3311 tarnen
903 3250 1068 3328 sciamus,
1103 3270 1179 3314 cnm

193 3328 353 3410 accipitur
381 3332 533 3395 remissio
555 3346 784 3416 peccatorum,
817 3331 915 3398 simul
939 3336 971 3397 in
995 3353 1034 3397 ea
1057 3354 1178 3400 conso·

191 3406 318 3478 latione
350 3414 422 3481 lieri
457 3418 712 3483 vivificationem
740 3442 801 3503 per
829 3418 966 3498 Ftlium,
1001 3441 1073 3484 cnm
1097 3420 1179 3485 lide

192 3501 354 3584 accipitur
364 3524 430 3567 vox
442 3502 625 3591 Evangelii,
637 3519 668 3570 et
681 3507 891 3570 donationem
901 3504 1045 3591 Spiritus
1058 3511 1177 3571 sancti.

192 3585 271 3650 ldeo
284 3600 316 3651 et
330 3588 1178 3674 lohannesduobusvocabulisususest,sicutl’au·
1290 3606 1293 3611 ’
1316 3591 1399 3656 Cum
1421 3589 1547 3657 Paulus
1568 3593 1689 3678 inquitt
1712 3591 1931 3657 lustilicamur
1952 3591 2037 3672 fide,
2066 3592 2214 3665 vocabu·

191 3669 246 3737 lus
268 3676 435 3758 inquiens:
461 3677 525 3741 l’er
547 3677 653 3744 lesum
677 3677 844 3743 Christum
869 3680 975 3764 gratia
999 3692 1031 3742 et
1053 3682 1177 3744 vetitas
1228 3675 1296 3742 lum
1314 3677 1405 3741 Fidei
1429 3699 1494 3743 non
1518 3692 1642 3745 tantam
1670 3679 1830 3744 historiae
1856 3679 2006 3743 notitiam
2031 3676 2210 3767 signifieat,

181 3757 357 3846 lacteam.
374 3763 529 3833 ,Gratiam
544 3768 692 3830 nominat
707 3767 883 3851 gratuitam
904 3766 1131 3830 renrissionem
1144 3778 1177 3831 et
1230 3778 1264 3828 ut
1296 3762 1432 3829 Diaboli
1466 3768 1564 3830 etiam
1596 3780 1720 3830 norunt
1745 3764 1918 3831 historiam
1948 3787 2010 3831 seu
2044 3768 2214 3852 dogmata,

192 3847 492 3914 reconciliationem
515 3872 576 3917 seu
598 3856 871 3937 acceptationem.
901 3850 1033 3916 Deinde
1050 3855 1176 3918 umbris
1228 3851 1296 3916 Sed
1320 3850 1487 3937 signifieat
1509 3854 1663 3916 assentiri
1686 3854 1838 3917 omnibus
1855 3850 2004 3917 articulis
2017 3850 2105 3929 fidei,
2129 3864 2162 3916 et
2179 3853 2214 3917 in

192 3937 330 4018 opponit
352 3938 536 4018 veritatem,
560 3941 716 4004 videlicet
738 3960 843 4024 regno
868 3937 1021 4018 l’ulitico,
1044 3941 1175 4025 sapien·
1227 3937 1280 4003 bis
1291 3937 1370 4002 huic
1381 3932 1539 4004 articulo:
1556 3920 1670 4004 Dredo
1683 3940 1914 4005 remissionem
1931 3951 2160 4024 peccatorum,
2179 3950 2212 4003 et
2300 3956 2307 3978 ¹

192 4023 257 4086 tiae
278 4034 312 4085 et
335 4023 479 4087 iustitiae
509 4028 619 4090 earnis
643 4038 675 4090 et
697 4023 771 4090 aliis
802 4027 898 4089 bonis
922 4029 1087 4110 perituris.
1132 4026 1175 4093 Et
1227 4027 1518 4104 vitamaeternam,
1536 4046 1602 4091 non
1620 4038 1746 4092 tantum
1765 4023 1935 4105 aliisdari,
1957 4027 2019 4091 sed
2041 4025 2212 4117 mihique·
2290 4088 2293 4094 .

190 4109 337 4172 nominat
358 4111 550 4191 veritatem,
582 4134 662 4177 vera
685 4125 719 4176 et
741 4115 898 4178 duratura
920 4116 1026 4192 bona,
1060 4132 1173 4179 veram
1227 4131 1303 4197 que.
1348 4110 1431 4175 Cum
1461 4110 1531 4193 hoc
1562 4132 1725 4191 assensu,
1758 4134 1825 4198 quo
1859 4114 1916 4178 tibi
1948 4112 2058 4183 eredis
2079 4112 2212 4189 remitti,

190 4192 393 4280 agnitionem
415 4195 498 4276 Dei,
522 4200 836 4278 aeternamvitam,
868 4195 994 4276 lucem,
1018 4201 1173 4264 iustitiam
1227 4219 1287 4263 cor
1319 4199 1457 4282 erigitur
1486 4197 1607 4263 fidncia
1639 4198 1827 4285 promissae
1859 4199 2124 4274 misericordiae,
2157 4216 2213 4261 ac·

182 4280 224 4345 'et
256 4278 415 4346 laetitiam
447 4303 582 4369 semper
614 4286 822 4364 duraturam,
862 4304 937 4350 cnm
978 4287 1041 4349 erit
1080 4283 1174 4349 Dens
1227 4287 1420 4370 quiescente
1453 4286 1484 4349 in
1515 4286 1591 4351 Deo
1619 4297 1758 4370 propter
1791 4284 2021 4364 itlediatorem,
2054 4282 2144 4347 lucet
2175 4284 2211 4347 in

95 4432 107 4441 ,,
191 4368 300 4432 omnia
323 4369 355 4431 in
378 4370 532 4433 omnibus
553 4373 681 4436 sanctis
699 4374 918 4437 resuscitatis.
952 4372 999 4437 lta
1021 4372 1176 4457 congruit
1225 4384 1335 4435 mente
1357 4391 1519 4437 assensus
1542 4370 1797 4457 apprehendens
1820 4392 1938 4436 vocem
1955 4368 2151 4455 Evangelii,
2175 4381 2210 4434 et

190 4455 314 4519 dietum
338 4453 494 4521 iohannis
518 4480 593 4524 cum
622 4460 733 4523 verbis
761 4457 873 4524 Pauli:
906 4458 973 4522 Per
1006 4457 1174 4523 Christum
1226 4456 1349 4522 fidncia
1370 4456 1564 4524 hlediatoris
1587 4472 1620 4522 et
1642 4458 1889 4523 misericordiae
1912 4458 1945 4520 in
1968 4457 2079 4522 eorde.
2199 4476 2202 4481 ·

188 4537 351 4607 habentus
375 4543 527 4630 gratiam,
551 4557 582 4608 et
600 4546 721 4610 donum
741 4565 802 4629 per
818 4547 970 4627 gratiam.
1003 4543 1174 4629 Evpresse
1211 4605 1214 4612 .

189 4628 275 4692 enim
299 4629 492 4695 damnamus
517 4630 716 4718 Pelagianos
739 4645 773 4697 et
794 4630 1001 4710 bionachos,
1036 4633 1091 4716 qui
1116 4631 1174 4695 lin·
1311 4629 1404 4695 llaec
1425 4629 1511 4695 tides
1533 4650 1601 4696 non
1623 4641 1674 4696 est
1695 4641 1826 4696 mortua
1847 4629 2052 4716 imaginatio,
2074 4628 2138 4692 sed
2159 4639 2213 4692 est

189 4729 309 4780 xerunt
330 4715 483 4783 homines
506 4721 578 4784 sine
601 4719 854 4806 regeneratione
877 4738 980 4802 posse
1003 4718 1085 4806 Legi
1109 4717 1173 4782 Dei
1226 4713 1283 4781 illa
1311 4716 1413 4797 lides,
1446 4719 1488 4782 de
1521 4739 1588 4804 qua
1616 4718 1751 4793 dicitnr:
1784 4715 1866 4781 Fide
1899 4715 2065 4781 iustilieati
2093 4735 2212 4801 pacem
2291 4784 2298 4794 ,

190 4800 396 4883 satisfacere,
429 4816 462 4869 et
493 4808 612 4871 mereri
648 4802 967 4885 reconciliationem,
1000 4819 1035 4870 et
1067 4806 1174 4872 iustos
1226 4802 1400 4869 hebemus.
1445 4803 1545 4884 ltem,
1579 4802 1672 4869 llaec
1694 4814 1748 4867 est
1768 4804 1838 4869 vita
1866 4813 2021 4879 aeterna,
2049 4815 2083 4867 ut
2106 4822 2211 4887 agno·

1227 4903 1324 4955 scatit
1342 4906 1375 4955 te
1391 4888 1501 4956 solum
1523 4912 1638 4958 verum
1656 4888 1777 4968 Deum,
1798 4901 1832 4954 et
1853 4910 1951 4976 quem
1973 4888 2089 4954 misisti
2103 4887 2211 4953 lesum

1227 4997 1305 5042 esse
1325 4975 1506 5044 Christum.
1550 4976 1650 5056 ltem,
1678 4976 1742 5050 Qui
1764 4975 1865 5041 habet
1887 4973 2021 5054 lilium,
2041 4972 2143 5039 habet
2163 4975 2213 5039 ni·

275 5061 572 5135 llasl’htrrisaicas
589 5065 855 5154 imaginationes,
878 5084 965 5150 quae
984 5061 1106 5129 tollunt
1127 5064 1175 5129 ln·
1227 5075 1305 5143 tam,
1329 5064 1386 5128 Sic
1407 5066 1494 5139 euim
1514 5064 1709 5131 accenditur
1729 5063 1815 5128 haec
1835 5062 1949 5143 Fusa,
1971 5060 2058 5127 Filio
2070 5061 2210 5126 -tiioeute
2265 5136 2274 5147 .

190 5152 304 5238 gentle
337 5152 500 5222 beneficia
528 5152 748 5235 Mediator-is,
790 5170 935 5239 prorsus
965 5152 1174 5218 execrandas
1226 5146 1490 5240 aemulationem
1526 5170 1589 5239 pet·
1624 5169 1746 5218 rocem
1780 5147 1978 5239 Evahtgelii,
2015 5159 2067 5215 οι,
2084 5146 2211 5233 Spina

2001 5264 2059 5315 ‘ab‘

1412 3392 1488 3474 DE
1518 3389 1837 3493 VOCABULO
1868 3393 2027 3477 FIDEI.

190 4908 269 4954 esse
290 4892 426 4975 proptia
443 4891 548 4980 Legis
570 4889 771 4979 impletione.
