4628 5588
154 166 219 243 ter
414 176 418 183 ·
777 171 891 239 aum
913 171 1020 237 nun.
1042 170 1231 278 sennua
1251 132 1531 240 accusaret.
1610 114 1643 250 s
2009 122 2019 152 χ
2106 173 2175 243 m

62 344 67 367 ’
156 366 357 453 agnitionem
373 360 447 429 Filii
464 373 605 429 vocatos
628 383 718 444 esse,
741 372 775 428 et
796 361 957 442 adiuvari,
976 346 1139 429 e⁴i1mfide
1189 382 1258 427 non
1285 381 1390 448 posse
1413 380 1538 448 pravas
1565 357 1797 426 inclinationes
1830 360 2020 448 expellere,
2046 375 2079 430 et
2106 360 2172 431 sibi

155 453 314 541 erigimur
336 463 369 518 et
388 453 595 516 invocamus.
1190 468 1323 514 sumere
1344 451 1515 548 ardentem
1533 445 1744 513 dilectionem
1760 446 1837 515 Dei.
1874 516 1882 532 ,

205 626 212 630 ’
243 622 337 690 llaec
370 624 412 688 de
451 623 550 708 siguo
584 631 692 686 sumto
728 619 770 685 ab
802 620 1017 685 inchoatione
1038 619 1139 685 'dicta
1276 619 1466 686 Secundum
1488 621 1754 705 impedimentum
1776 631 1829 685 est
1839 617 2013 694 Diabolus,
2036 622 2093 707 qui
2114 644 2172 688 va·

157 711 233 776 slnt.
277 708 404 774 Postea
432 709 541 772 Adam
570 719 603 773 et
620 703 753 771 finalem
776 727 914 771 causant
935 708 1136 790 intuebatur,
1189 707 1247 771 riis
1269 707 1377 773 modis
1401 707 1601 771 occasiones
1625 705 1721 772 offert
1741 707 1948 786 hominibuS,
1982 718 2016 772 et
2036 706 2174 794 impellit

157 816 218 862 eur
246 796 417 861 eonditum
447 804 538 860 esset
565 812 674 880 genus
709 790 906 872 humanum,
931 789 1000 858 'cur
1027 792 1137 878 imago
1190 813 1269 872 eos,
1295 805 1332 858 ιιι
1354 794 1583 879 obtemperent
1599 791 1695 858 malis
1717 794 1970 879 cupiditatibus,
1991 803 2028 859 ut
2048 795 2083 858 in
2106 793 2171 861 Ge·

153 880 221 961 ¹Ilei
243 882 342 948 insita
363 880 498 960 bomini,
521 901 581 945 cur
602 877 692 944 faeta
715 890 808 944 esset
828 875 1068 959 reconciliatio,
1090 880 1138 944 vi·
1188 881 1234 960 in,
1258 877 1351 960 Saul,
1365 879 1455 945 luda
1475 890 1632 966 apparet,
1662 881 1740 964 quia
1761 903 1836 946 curn
1858 880 1934 945 odio
1957 878 2030 957 Dei¹
2043 881 2174 961 ardeat,

156 965 277 1034 delicet
298 980 335 1034 ut
358 966 516 1033 Ecclesia
544 966 620 1032 Deo
650 963 839 1050 colligatur,
861 962 1138 1052 celebratura‘ip·
1190 964 1262 1031 vult
1283 987 1303 1032 a
1327 964 1475 1051 plurimis
1506 987 1580 1032 cunt
1608 962 1808 1032 contumelia
1830 964 1948 1046 adiici,
1969 978 2003 1032 et
2025 965 2173 1033 delecta·
2229 1044 2236 1057 ,

155 1073 232 1120 sum
251 1057 286 1119 in
304 1054 704 1132 aeternaconsuetudine‚
727 1063 760 1116 et
776 1049 911 1130 laetitia,
935 1063 968 1117 et
990 1053 1043 1117 eui
1064 1053 1137 1136 ipse
1189 1063 1244 1118 tur
1272 1053 1499 1118 destructione
1531 1073 1669 1136 operum
1695 1050 1761 1117 Dei
1788 1053 1822 1117 in
1858 1073 1981 1139 genere
2012 1052 2171 1120 bmnano.

157 1161 252 1207 suam
273 1137 400 1219 lucem,
428 1142 622 1225 sapientiam
645 1151 678 1206 et
699 1139 856 1206 iustitiam
884 1139 918 1203 iu
940 1148 1010 1203 tota
1031 1150 1139 1203 aeter·
1189 1137 1243 1203 De
1264 1136 1330 1203 hoc
1351 1138 1519 1204 horrendo
1551 1139 1627 1203 odio
1652 1150 1685 1203 et
1707 1136 1821 1204 surore
1842 1139 1876 1203 in
1899 1136 2045 1205 Diabolo
2068 1159 2173 1225 saepe
2228 1146 2231 1150 ’

156 1228 268 1293 nitate
283 1227 510 1293 communicet.
739 1231 744 1241 '
1191 1225 1402 1311 cogitandum
1426 1235 1489 1304 est,
1511 1238 1545 1289 et
1572 1224 1804 1290 ardentissima
1825 1226 2038 1291 invocatione
2057 1239 2173 1312 peten-

1191 1312 1285 1389 dum,
1313 1323 1349 1376 ut
1377 1308 1465 1375 lilius
1495 1310 1560 1375 Dei
1588 1309 1676 1376 hane
1706 1321 1773 1376 tam
1800 1330 1936 1378 saevum
1964 1310 2097 1378 bostem
2118 1332 2171 1377 re·

243 1398 337 1464 llaec
361 1421 434 1464 cum
456 1399 501 1462 sit
522 1395 677 1463 voluntas
694 1396 772 1477 Dei,
795 1407 887 1462 certe
907 1416 1041 1480 semper
1062 1415 1140 1461 eoe-
1189 1397 1325 1484 primat,
1353 1398 1446 1479 euius
1475 1397 1613 1463 insidias
1641 1417 1762 1463 cavere
1791 1395 1873 1463 sola·
1892 1396 2061 1464 bominum
2098 1395 2171 1464 dill-

98 1488 100 1492 ’
157 1482 394 1571 tumaliquem
422 1486 588 1563 servabit,
619 1484 675 1570 qul
702 1485 746 1548 sit
774 1505 853 1569 pars
871 1480 961 1547 illius
984 1495 1140 1547 aeternae
1191 1485 1303 1569 gentio
1324 1485 1396 1548 sine
1418 1481 1544 1549 auxilio
1566 1480 1630 1549 Dei
1653 1496 1831 1548 certe-non
1853 1493 1976 1569 potest.

156 1568 352 1651 Ecclesiae,
381 1592 425 1637 ne
453 1582 525 1637 tota
550 1590 665 1637 massa
693 1562 981 1659 generis'bumani
1004 1570 1140 1634 damnu-

58 1680 60 1686 ·
123 1741 125 1747 Α
158 1668 194 1724 te
213 1660 268 1723 sit.
1277 1654 1475 1721 invocamus
1513 1668 1627 1721 autem
1660 1668 1693 1720 te
1725 1653 1787 1720 Fili
1818 1654 1884 1721 Dei
1916 1654 1993 1721 lesu
2026 1654 2170 1735 Christe,

1191 1742 1246 1827 qui
1268 1743 1467 1827 apparuisti,
1485 1753 1536 1807 ‚ut
1559 1742 1714 1823 destruas
1737 1762 1839 1826 opera
1861 1739 2012 1822 Diaboli,
2035 1753 2069 1807 ει
2094 1763 2172 1807 εοιι·

243 1828 317 1896 lloc
339 1825 411 1895 vult
438 1826 581 1906 Paulus,
610 1849 684 1895 cum
706 1828 825 1914 iuquit,
854 1838 891 1893 ut
916 1824 1029 1913 aliqua
1057 1825 1140 1891 liant
1191 1826 1305 1892 eulees
1329 1840 1428 1913 eaput
1445 1830 1632 1912 serpentis,
1661 1847 1702 1891 ao
1725 1847 1876 1906 oramus,
1899 1841 1934 1894 at
1952 1840 1987 1893 ιιι
2009 1829 2172 1913 reprimas

156 1913 231 1982 Deo
254 1927 362 2003 grata,
390 1917 486 2001 quasi
520 1917 620 1994 dicat,
635 1980 638 1986 ,
654 1912 737 1980 Corn
771 1916 804 1978 in
837 1933 961 2001 genere
993 1911 1138 1978 bumana
1190 1935 1231 1981 ac
1259 1911 1409 2000 depellas
1441 1912 1656 1997 blasphemos
1683 1924 1717 1978 et
1745 1911 1997 1980 crudelissimos
2019 1916 2171 1998 spiritus,

157 2022 273 2068 omnes
299 1999 350 2066 illi
378 2003 434 2087 qui
459 2013 537 2066 sunt
565 2014 659 2067 extra
681 1997 882 2078 Ecclesiam,
915 1996 1038 2066 iaciant
1062 1997 1137 2062 Deo
1190 2001 1345 2066 ardentes
1366 1996 1656 2066 vehementissimo
1680 2000 1757 2065 odio
1778 2000 1856 2080 Dei,
1876 2013 1910 2067 et
1931 2002 2057 2088 ingenti
2077 2001 2172 2067 rabie

155 2088 189 2154 in
215 2086 304 2167 rata,
334 2089 484 2171 excerpit
505 2099 614 2152 tannen
635 2086 730 2152 Deus
758 2082 902 2171 aliquam
922 2096 1067 2170 partem,
1091 2086 1139 2149 vi·
1215 2097 1387 2152 rassantes
1409 2087 1441 2150 in
1466 2106 1574 2174 genus
1595 2087 1792 2166 humanum,
1819 2101 1853 2153 et
1880 2107 1999 2154 serves
2022 2085 2172 2153 infirmas

158 2111 280 2241 deificet
306 2194 390 2238 vera
417 2169 592 2238 Ecclesiae
619 2175 777 2238 membra.
815 2172 920 2242 ,llaec
946 2193 1025 2256 vere
1052 2168 1139 2235 eele-
1178 2109 1361 2238 -ileelesias
1402 2185 1436 2236 et
1474 2169 1614 2238 familias
1653 2184 1808 2252 nostras,
1853 2185 2014 2239 sonantes
2053 2193 2173 2239 voeem

157 2262 257 2328 brant
278 2259 397 2337 Deum,
421 2261 613 2324 custodiunt
635 2260 818 2324 doctrinam
835 2255 1023 2344 Evangelii,
1045 2259 1138 2323 invo·
1189 2256 1364 2346 Evangelii
1392 2259 1457 2335 tui,
1486 2269 1520 2323 et
1548 2257 1591 2322 ad
1620 2269 1653 2322 ιε
1684 2255 1933 2346 confugientes,
1963 2271 2040 2325 ete
2058 2255 2172 2327 desen·

159 2358 236 2417 caut
268 2366 344 2411 eum
377 2346 462 2423 lide,
494 2356 598 2432 agunt
627 2347 772 2431 gratias,
799 2345 959 2410 obediunt
981 2345 1026 2416 ei.
1050 2344 1138 2409 etin
1190 2345 1330 2424 sionem,
1351 2341 1508 2411 auxilium
1531 2355 1565 2409 et
1586 2341 1728 2409 salutern
1745 2358 1909 2430 petentes.
2028 2362 2037 2377 ⁸

111 2439 113 2442 ’
157 2444 230 2501 tota
251 2432 449 2498 aeternitate
471 2450 546 2496 eum
568 2428 795 2497 celebrabunt.
1170 2464 1171 2467 ¹
2074 2450 2081 2466 ·
2210 2482 2214 2491 .

1275 2515 1420 2581 Tertium
1448 2517 1716 2600 impedimentum
1743 2529 1812 2596 est,
1838 2517 1872 2581 in
1893 2515 1959 2581 bae
1980 2518 2068 2582 vitae
2090 2538 2172 2584 eon·

244 2604 337 2671 llaec
366 2615 424 2669 est·
444 2605 498 2669 vis
526 2604 705 2669 verborum
726 2600 839 2682 Pauli,
863 2623 940 2668 curn
963 2603 1042 2667 dicit
1063 2601 1139 2687 ὑπὲρ
1189 2598 1339 2682 lusione,
1368 2599 1474 2668 moles
1496 2604 1570 2687 ipsa
1592 2604 1801 2689 negotiorum
1823 2614 1859 2669 et
1880 2599 2115 2689 periculorum.
2136 2604 2171 2668 in

157 2694 211 2772 rie
231 2690 389 2772 addantur,
416 2692 445 2755 si
471 2689 623 2755 nificatur
653 2708 758 2757 eausa
780 2685 907 2769 finalis,
930 2704 1004 2754 non
1025 2700 1062 2753 ut
1078 2686 1139 2755 ¹alii
1190 2691 1312 2776 quibus
1345 2689 1492 2775 quotidie
1522 2685 1625 2753 multa
1657 2688 1840 2775 improvisa
1871 2700 1904 2754 et
1930 2686 2174 2756 inextricabilis

158 2788 375 2856 enarrarunt,
469 2778 579 2854 ciens,
611 2776 646 2841 id
678 2788 748 2855 est,
780 2773 877 2854 lacit,
920 2777 998 2862 quia
1034 2775 1066 2841 ei
1093 2775 1139 2840 ita
1190 2786 1326 2864 praeter
1347 2776 1535 2859 opinionem
1556 2773 1744 2840 bominibus
1768 2775 1969 2854 offeruntur,
1996 2787 2034 2842 ut
2059 2775 2174 2843 David

156 2862 248 2930 libet.
575 2882 578 2886 “
1190 2882 1259 2927 ιιοιι
1296 2862 1459 2945 praevidit
1494 2862 1689 2928 seditionem
1721 2860 1797 2940 lilii,
1837 2872 1871 2929 et
1908 2859 2013 2948 vulgo
2043 2862 2173 2941 dieitur,

1190 2948 1311 3014 Nescis
1340 2948 1420 3032 quid
1450 2968 1573 3034 vesper
1602 2967 1700 3013 serus
1729 2948 1840 3015 vebat.
1895 2947 1977 3014 ltem
2003 2946 2037 3012 zo*
2063 2953 2172 3030 petitu

245 3035 299 3103 Ex
324 3032 389 3099 hac
424 3033 651 3110 enarratione,
679 3052 777 3118 quant
800 3033 969 3111 recensui,
994 3052 1062 3096 non
1085 3052 1138 3097 se·
1191 3032 1240 3098 aiei
1259 3032 1373 3118 tepida
1393 3033 1486 3119 iprae.

181 3123 269 3189 uitur
292 3118 495 3187 voluntatem
519 3121 660 3186 otiosam
683 3117 842 3195 esse,sed
865 3119 1050 3184 consolatio
1072 3129 1138 3182 tra·

159 3143 227 3274 iia
260 3219 332 3285 est,
365 3226 451 3292 quae
484 3202 635 3272 adfirmat
667 3224 730 3269 nos
763 3205 912 3270 adiuvari
945 3226 966 3270 a
996 3203 1072 3268 Deo
1105 3205 1139 3268 in
1197 3220 1201 3227 “
1277 3204 1359 3270 Cam
1381 3207 1481 3292 igitur
1504 3226 1592 3270 nune
1619 3205 1654 3271 in
1674 3202 1739 3272 hac
1762 3207 1999 3293 depravatione
2020 3217 2172 3286 naturae,

158 3293 320 3380 principio
344 3291 587 3368 conversionis,
610 3302 643 3355 et
666 3291 823 3374 deinceps
849 3293 881 3356 in
906 3290 1061 3356 ontuibus
1082 3310 1139 3354 ne·
1189 3287 1404 3377 languel'ucta
1444 3293 1488 3355 sit
1527 3290 1683 3371 libertas,
1726 3313 1783 3357 res
1821 3294 1896 3377 ipsa
1936 3293 2082 3357 ostendit
2120 3315 2172 3358 re·

159 3381 258 3467 gotiis
281 3390 315 3445 et
336 3375 494 3465 perieulis
516 3377 714 3456 vocationis,
736 3375 969 3446 confessionis,
982 3388 1016 3442 et
1036 3376 1140 3442 totius
1190 3379 1394 3443 strictionem
1427 3375 1571 3463 aliquam
1604 3379 1790 3444 addendam
1822 3398 1900 3444 esse
1933 3379 2023 3444 dicto
2052 3377 2172 3446 Eucle-

159 3467 384 3545 obedientiae,
407 3467 494 3529 sicut
521 3462 600 3528 alibi
622 3464 716 3529 dicit:
748 3462 812 3537 Qui
835 3475 948 3535 manet
963 3464 998 3529 in
1020 3483 1085 3544 me,
1106 3472 1141 3529 et
1190 3464 1328 3530 siastiei.
2244 3472 2246 3477 ’

134 3551 136 3554 ’
160 3574 225 3642 ego
246 3554 281 3619 iu
305 3573 359 3632 eo,
376 3548 521 3618 fiuetmn
544 3550 717 3638 copiosum
738 3548 834 3623 ιἐιειι

87 3659 89 3664 ·
1276 3634 1479 3720 Respondeo
1507 3637 1625 3723 igione
1657 3634 1784 3701 Verum
1813 3647 1868 3702 est
1897 3637 1989 3702 initio
2018 3635 2172 3704 volunta·

1191 3734 1257 3790 tem
1279 3734 1356 3787 aute
1382 3720 1512 3808 lapsum
1533 3723 1711 3806 primorutn
1740 3734 1912 3804 parentum
1935 3720 2042 3790 fuisse
2063 3727 2173 3810 magis

887 3881 890 3885 ⁴
1190 3807 1343 3961 llineram,
1371 3820 1402 3874 et
1430 3807 1488 3873 illa
1517 3806 1687 3958 excellssns
1709 3804 1853 3957 ¹libertas
1878 3809 2014 3961 donumh
2028 3822 2063 3876 et
2085 3830 2172 3896 opus

518 3919 526 3935 ·
768 3919 777 3937 ·
846 3919 855 3936 ·
883 3920 891 3938 ·
1224 3898 1271 3974 ei,
1294 3906 1328 3959 et
1350 3905 1428 3979 pars
1450 3897 1512 3959 ima
1539 3895 1601 3958 ‘nis
1658 3895 1693 3958 ei
1724 3897 1782 3973 uit,
1810 3895 1970 3962 attributa
2016 3898 2116 3962 omini
2137 3899 2172 3962 ln

390 3918 456 3998 De
487 3918 597 4000 dmm
627 3918 903 4003 Ecclemsnm‘
1192 3980 1392 4059 conditione,
1414 3992 1451 4045 ut
1472 3916 1575 4065 sagio
1597 3981 1719 4047 dictam
1739 3991 1801 4046 est.

246 4149 404 4217 Tenende
430 4162 484 4215 est
512 4163 544 4215 et
573 4149 712 4238 simplex
740 4154 915 4218 enarratio·
930 4154 1027 4234 dicti,
1049 4153 1139 4238 qaod
1277 4153 1402 4218 Postea
1428 4171 1528 4229 vero,
1557 4155 1619 4217 etsi
1645 4151 1860 4241 langueiacta
1886 4166 1938 4219 est
1959 4151 2115 4233 libertas,
2135 4167 2174 4221 ιιι

160 4259 203 4304 ex
228 4233 471 4304 Ecclesiastico
500 4239 629 4302 citetur.
680 4236 780 4321 ,oeus
814 4237 947 4326 reliquit
969 4239 1141 4306 hominem
1191 4260 1295 4326 snpra
1334 4237 1520 4319 declaravi,
1562 4249 1673 4305 tamen
1712 4238 1823 4327 aliqua
1864 4237 2001 4308 libertas
2040 4240 2174 4327 relique

158 4325 195 4393 in
215 4345 314 4390 manu
336 4320 467 4389 consilii
490 4326 553 4391 sui.
1190 4329 1329 4405 mansit,
1363 4337 1397 4390 et
1417 4324 1454 4389 fit
1474 4322 1629 4392 voluutas
1651 4328 1759 4414 magia
1787 4325 1913 4407 libera,
1938 4347 2013 4392 cum
2039 4329 2174 4393 iuvatur

1190 4435 1212 4479 a
1233 4415 1353 4498 Spiritu
1374 4424 1504 4476 sanato.

246 4494 340 4562 llaec
368 4498 535 4563 sententia
562 4496 592 4560 si
613 4498 687 4561 sine
709 4496 935 4564 moderatione
957 4498 1070 4584 alique
1090 4501 1141 4564 in·
1222 4510 1225 4515 ’

159 4579 340 4670 telligatur,
362 4583 577 4670 praeconium
603 4594 657 4648 est
677 4583 842 4650 libertatis
864 4583 963 4651 valde
984 4582 1139 4671 amplum.
1276 4585 1492 4671 Nequaquam
1520 4584 1607 4648 enim
1633 4585 1681 4650 ite
1706 4583 1942 4673 intelligendus
1965 4597 2017 4651 est
2039 4584 2172 4668 Sireelr,

46 4731 56 4753 ,
159 4668 310 4735 Necesse
338 4683 390 4736 est
422 4684 533 4736 autem
561 4670 659 4736 fateri
688 4669 835 4736 nuncin
863 4670 928 4737 baa
955 4671 1141 4739 infirmitate
1191 4682 1227 4739 ut
1256 4673 1460 4738 existimetur
1488 4668 1667 4736 excludere
1695 4671 1852 4757 Spiritum
1882 4685 2046 4740 sanetum.
2090 4671 2173 4738 ldeo

159 4766 300 4822 naturae
322 4778 445 4845 magna
466 4756 628 4823 libertatis
640 4758 870 4843 impedimenta
892 4778 983 4837 esse,
999 4779 1141 4845 quorum
1191 4759 1318 4825 erudite
1341 4759 1445 4845 inquit
1466 4756 1675 4846 Augustinus
1698 4759 1741 4823 de
1761 4757 1829 4823 lioe
1853 4759 1959 4826 dictor
1991 4759 2174 4847 Proposnlt

159 4842 299 4927 primurn
320 4856 371 4909 est
394 4844 467 4927 ipsa
489 4845 648 4928 pravitas,
672 4865 758 4931 quae
779 4844 952 4909 nobiscum
979 4847 1139 4924 nascitur,
1190 4847 1250 4911 tibi
1271 4866 1392 4932 aquarn
1414 4856 1448 4910 et
1468 4845 1579 4932 ignem
1587 4891 1598 4924 ,
1625 4844 1668 4910 ad
1689 4855 1800 4911 utrum
1822 4843 1919 4911 voles
1941 4846 2083 4911 extende
2103 4867 2203 4911 ma·-

161 4940 323 5017 quaeest
344 4933 452 5016 caligo
475 4932 517 4995 de
542 4929 636 5010 Deo,
659 4936 801 5018 gignens
823 4931 1046 4997 dubitationes
1068 4928 1141 5017 plu·
1191 4953 1288 5008 num,
1315 4930 1470 5009 Extende
1496 4930 1625 4997 scilieet
1656 4931 1945 5017 iuvante‘Spiritu
1973 4943 2111 5011 εειιειο,
2139 4939 2175 4997 et

159 5016 284 5097 rinae,
317 5028 352 5082 et
384 5017 567 5101 impediens
588 5016 687 5084 fidem
709 5031 744 5086 et
764 5020 931 5098 timoren,
964 5038 1008 5083 ee
1038 5019 1141 5082 meni·
1192 5017 1290 5084 simul
1323 5020 1524 5085 extendente
1558 5029 1647 5083 tuam
1677 5038 1819 5083 manmit.
1876 5017 1952 5082 Non
1986 5019 2071 5083 enim
2100 5019 2175 5106 agit

160 5098 292 5170 testum
311 5114 365 5170 est
398 5104 503 5171 eorde
529 5101 629 5189 plene
655 5124 734 5172 esse
754 5105 885 5175 nausa
912 5104 1074 5186 motibus,
1106 5114 1141 5173 et
1190 5104 1332 5194 Spiritus
1349 5105 1617 5185 eructuantia
1638 5113 1759 5185 ειειιιε,
1770 5105 1834 5172 sed
1851 5116 2056 5175 concurrunt
2075 5120 2175 5171 mons
2242 5138 2245 5142 >
