<?xml version="1.0" encoding="UTF-8"?>
<!DOCTYPE html PUBLIC "-//W3C//DTD XHTML 1.0 Transitional//EN"
    "http://www.w3.org/TR/xhtml1/DTD/xhtml1-transitional.dtd">
<html xmlns="http://www.w3.org/1999/xhtml" xml:lang="en" lang="en">
 <head>
  <title>
</title>
<meta http-equiv="Content-Type" content="text/html;charset=utf-8" />
  <meta name='ocr-system' content='tesseract 3.04.00' />
  <meta name='ocr-capabilities' content='ocr_page ocr_carea ocr_par ocr_line ocrx_word'/>
</head>
<body>
  <div class='ocr_page' id='page_1' title='image "./corpusreformato03melagoog_0313.png"; bbox 0 0 4628 5588; ppageno 0'>
   <div class='ocr_carea' id='block_1_1' title="bbox 161 112 2179 261">
    <p class='ocr_par' dir='ltr' id='par_1_1' title="bbox 161 112 2179 261">
     <span class='ocr_line' id='line_1_1' title="bbox 161 112 2179 261; baseline -0.002 -25"><span class='ocrx_word' id='word_1_1' title='bbox 161 167 228 238; x_wconf 78' lang='lat' dir='ltr'><strong>aa</strong></span> <span class='ocrx_word' id='word_1_2' title='bbox 286 116 311 261; x_wconf 48' lang='lat' dir='ltr'><em>J</em></span> <span class='ocrx_word' id='word_1_3' title='bbox 783 162 898 231; x_wconf 83' lang='lat' dir='ltr'><strong>rum.</strong></span> <span class='ocrx_word' id='word_1_4' title='bbox 919 162 1024 230; x_wconf 84' lang='grc' dir='ltr'>ιιιι.</span> <span class='ocrx_word' id='word_1_5' title='bbox 1048 163 1236 233; x_wconf 78' lang='lat' dir='ltr'><strong>scotera</strong></span> <span class='ocrx_word' id='word_1_6' title='bbox 1256 163 1536 231; x_wconf 71' lang='lat' dir='ltr'><strong>noandum.</strong></span> <span class='ocrx_word' id='word_1_7' title='bbox 1599 112 1603 121; x_wconf 39' lang='lat'><strong><em>¹</em></strong></span> <span class='ocrx_word' id='word_1_8' title='bbox 2046 125 2056 143; x_wconf 54' lang='lat'>⁸</span> <span class='ocrx_word' id='word_1_9' title='bbox 2110 166 2179 233; x_wconf 79' lang='lat' dir='ltr'><strong>ara</strong></span> 
     </span>
    </p>
   </div>
   <div class='ocr_carea' id='block_1_2' title="bbox 147 350 2180 1386">
    <p class='ocr_par' dir='ltr' id='par_1_2' title="bbox 147 350 2180 1386">
     <span class='ocr_line' id='line_1_2' title="bbox 161 350 2176 455; baseline 0 -33"><span class='ocrx_word' id='word_1_10' title='bbox 161 359 208 422; x_wconf 87' lang='lat' dir='ltr'><strong>tia</strong></span> <span class='ocrx_word' id='word_1_11' title='bbox 229 352 359 442; x_wconf 90' lang='lat' dir='ltr'><strong>placet,</strong></span> <span class='ocrx_word' id='word_1_12' title='bbox 381 355 473 420; x_wconf 87' lang='lat' dir='ltr'><strong>iaxta</strong></span> <span class='ocrx_word' id='word_1_13' title='bbox 503 353 624 418; x_wconf 89' lang='lat' dir='ltr'><strong>dictum</strong></span> <span class='ocrx_word' id='word_1_14' title='bbox 646 350 753 417; x_wconf 85' lang='lat' dir='ltr'><strong>Petri:</strong></span> <span class='ocrx_word' id='word_1_15' title='bbox 777 351 903 419; x_wconf 79' lang='lat' dir='ltr'><strong>Offerte</strong></span> <span class='ocrx_word' id='word_1_16' title='bbox 927 352 1054 419; x_wconf 89' lang='lat' dir='ltr'><strong>hostias</strong></span> <span class='ocrx_word' id='word_1_17' title='bbox 1077 354 1143 438; x_wconf 90' lang='lat' dir='ltr'><strong>spi·</strong></span> <span class='ocrx_word' id='word_1_18' title='bbox 1166 355 1171 455; x_wconf 68' lang='lat' dir='ltr'><strong>l</strong></span> <span class='ocrx_word' id='word_1_19' title='bbox 1193 364 1334 420; x_wconf 89' lang='lat' dir='ltr'><strong>mortem</strong></span> <span class='ocrx_word' id='word_1_20' title='bbox 1361 355 1568 439; x_wconf 84' lang='lat' dir='ltr'><strong>peccatoris,</strong></span> <span class='ocrx_word' id='word_1_21' title='bbox 1603 355 1663 418; x_wconf 89' lang='lat' dir='ltr'><strong>scd</strong></span> <span class='ocrx_word' id='word_1_22' title='bbox 1695 365 1732 418; x_wconf 94' lang='grc' dir='ltr'><strong>ιιι</strong></span> <span class='ocrx_word' id='word_1_23' title='bbox 1760 365 1977 419; x_wconf 86' lang='lat' dir='ltr'><strong>convertatur</strong></span> <span class='ocrx_word' id='word_1_24' title='bbox 2006 365 2040 421; x_wconf 90' lang='lat' dir='ltr'><strong>et</strong></span> <span class='ocrx_word' id='word_1_25' title='bbox 2072 356 2176 423; x_wconf 84' lang='lat' dir='ltr'><strong>vivat.</strong></span> 
     </span>
     <span class='ocr_line' id='line_1_3' title="bbox 147 438 2178 563; baseline -0.002 -54"><span class='ocrx_word' id='word_1_26' title='bbox 147 440 320 521; x_wconf 81' lang='lat' dir='ltr'><strong>rituales,</strong></span> <span class='ocrx_word' id='word_1_27' title='bbox 349 439 522 526; x_wconf 80' lang='lat' dir='ltr'><strong>placentes</strong></span> <span class='ocrx_word' id='word_1_28' title='bbox 552 440 626 504; x_wconf 90' lang='lat' dir='ltr'><strong>Deo</strong></span> <span class='ocrx_word' id='word_1_29' title='bbox 649 460 709 525; x_wconf 91' lang='lat' dir='ltr'><strong>per</strong></span> <span class='ocrx_word' id='word_1_30' title='bbox 740 438 846 504; x_wconf 87' lang='lat' dir='ltr'><strong>lesum</strong></span> <span class='ocrx_word' id='word_1_31' title='bbox 875 438 1056 505; x_wconf 75' lang='lat' dir='ltr'><strong>Christum.</strong></span> <span class='ocrx_word' id='word_1_32' title='bbox 1101 439 1144 505; x_wconf 88' lang='lat' dir='ltr'><strong>Et</strong></span> <span class='ocrx_word' id='word_1_33' title='bbox 1167 466 1172 563; x_wconf 65' lang='lat' dir='ltr'><strong>p</strong></span> <span class='ocrx_word' id='word_1_34' title='bbox 1195 440 1273 505; x_wconf 89' lang='lat' dir='ltr'><strong>ldeo</strong></span> <span class='ocrx_word' id='word_1_35' title='bbox 1295 443 1472 526; x_wconf 81' lang='lat' dir='ltr'>promissio</span> <span class='ocrx_word' id='word_1_36' title='bbox 1495 443 1622 527; x_wconf 88' lang='lat' dir='ltr'><strong>gratiae</strong></span> <span class='ocrx_word' id='word_1_37' title='bbox 1643 442 1830 505; x_wconf 80' lang='lat' dir='ltr'><strong>nominatur</strong></span> <span class='ocrx_word' id='word_1_38' title='bbox 1858 453 2030 506; x_wconf 87' lang='lat' dir='ltr'><strong>aeternnm</strong></span> <span class='ocrx_word' id='word_1_39' title='bbox 2058 439 2178 506; x_wconf 84' lang='lat' dir='ltr'><strong>Testa·</strong></span> 
     </span>
     <span class='ocr_line' id='line_1_4' title="bbox 160 524 2178 615; baseline -0 -22"><span class='ocrx_word' id='word_1_40' title='bbox 160 527 247 594; x_wconf 86' lang='lat' dir='ltr'><strong>haec</strong></span> <span class='ocrx_word' id='word_1_41' title='bbox 270 532 344 611; x_wconf 91' lang='lat' dir='ltr'><strong>ipsa</strong></span> <span class='ocrx_word' id='word_1_42' title='bbox 365 529 553 606; x_wconf 89' lang='lat' dir='ltr'><strong>obedientia</strong></span> <span class='ocrx_word' id='word_1_43' title='bbox 574 525 713 612; x_wconf 89' lang='lat' dir='ltr'><strong>placens</strong></span> <span class='ocrx_word' id='word_1_44' title='bbox 735 524 828 604; x_wconf 89' lang='lat' dir='ltr'><strong>Deo,</strong></span> <span class='ocrx_word' id='word_1_45' title='bbox 861 528 1045 591; x_wconf 86' lang='lat' dir='ltr'><strong>nominatur</strong></span> <span class='ocrx_word' id='word_1_46' title='bbox 1074 524 1144 592; x_wconf 92' lang='lat' dir='ltr'><strong>cul·</strong></span> <span class='ocrx_word' id='word_1_47' title='bbox 1168 566 1171 615; x_wconf 79' lang='lat' dir='ltr'><strong>t</strong></span> <span class='ocrx_word' id='word_1_48' title='bbox 1193 540 1348 593; x_wconf 90' lang='lat' dir='ltr'><strong>mentum.</strong></span> <span class='ocrx_word' id='word_1_49' title='bbox 1376 526 1462 599; x_wconf 88' lang='lat' dir='ltr'><strong>Quia</strong></span> <span class='ocrx_word' id='word_1_50' title='bbox 1486 549 1565 591; x_wconf 86' lang='lat' dir='ltr'><strong>vero</strong></span> <span class='ocrx_word' id='word_1_51' title='bbox 1588 526 1683 592; x_wconf 84' lang='lat' dir='ltr'><strong>Deus</strong></span> <span class='ocrx_word' id='word_1_52' title='bbox 1705 528 1738 589; x_wconf 93' lang='lat' dir='ltr'><strong>in</strong></span> <span class='ocrx_word' id='word_1_53' title='bbox 1761 526 1825 592; x_wconf 89' lang='lat' dir='ltr'><strong>hac</strong></span> <span class='ocrx_word' id='word_1_54' title='bbox 1847 530 1915 592; x_wconf 85' lang='lat' dir='ltr'><strong>rita</strong></span> <span class='ocrx_word' id='word_1_55' title='bbox 1936 525 2004 591; x_wconf 88' lang='lat' dir='ltr'><strong>vult</strong></span> <span class='ocrx_word' id='word_1_56' title='bbox 2026 528 2178 592; x_wconf 84' lang='lat' dir='ltr'><strong>inchoari</strong></span> 
     </span>
     <span class='ocr_line' id='line_1_5' title="bbox 162 610 2177 697; baseline -0 -18"><span class='ocrx_word' id='word_1_57' title='bbox 162 627 217 680; x_wconf 86' lang='grc' dir='ltr'>ιιιε</span> <span class='ocrx_word' id='word_1_58' title='bbox 240 612 305 678; x_wconf 88' lang='lat' dir='ltr'><strong>Dei</strong></span> <span class='ocrx_word' id='word_1_59' title='bbox 334 626 368 678; x_wconf 91' lang='lat' dir='ltr'><strong>et</strong></span> <span class='ocrx_word' id='word_1_60' title='bbox 391 615 603 694; x_wconf 80' lang='lat' dir='ltr'><strong>sacrificium,</strong></span> <span class='ocrx_word' id='word_1_61' title='bbox 639 610 768 676; x_wconf 90' lang='lat' dir='ltr'><strong>scilicet</strong></span> <span class='ocrx_word' id='word_1_62' title='bbox 791 611 1007 696; x_wconf 72' lang='grc' dir='ltr'>εὖχαριστικόν.</span> <span class='ocrx_word' id='word_1_63' title='bbox 1050 613 1144 677; x_wconf 88' lang='lat' dir='ltr'><strong>Haec</strong></span> <span class='ocrx_word' id='word_1_64' title='bbox 1168 618 1172 647; x_wconf 86' lang='lat'>¹</span> <span class='ocrx_word' id='word_1_65' title='bbox 1195 610 1425 678; x_wconf 76' lang='lat' dir='ltr'><strong>collectionem</strong></span> <span class='ocrx_word' id='word_1_66' title='bbox 1448 611 1641 692; x_wconf 71' lang='lat' dir='ltr'><strong>Ecclesiae,</strong></span> <span class='ocrx_word' id='word_1_67' title='bbox 1663 614 1787 676; x_wconf 92' lang='lat' dir='ltr'><strong>addidit</strong></span> <span class='ocrx_word' id='word_1_68' title='bbox 1816 615 1912 677; x_wconf 91' lang='lat' dir='ltr'><strong>etiam</strong></span> <span class='ocrx_word' id='word_1_69' title='bbox 1936 614 2177 697; x_wconf 75' lang='lat' dir='ltr'><strong>promissiones</strong></span> 
     </span>
     <span class='ocr_line' id='line_1_6' title="bbox 160 654 2178 785; baseline -0.001 -18"><span class='ocrx_word' id='word_1_70' title='bbox 160 701 296 767; x_wconf 91' lang='lat' dir='ltr'><strong>nomina</strong></span> <span class='ocrx_word' id='word_1_71' title='bbox 318 712 397 766; x_wconf 91' lang='lat' dir='ltr'><strong>sunt</strong></span> <span class='ocrx_word' id='word_1_72' title='bbox 426 701 631 765; x_wconf 86' lang='lat' dir='ltr'><strong>bouurolica.</strong></span> <span class='ocrx_word' id='word_1_73' title='bbox 669 699 762 763; x_wconf 77' lang='lat' dir='ltr'><strong>¹llam</strong></span> <span class='ocrx_word' id='word_1_74' title='bbox 789 701 988 764; x_wconf 87' lang='lat' dir='ltr'><strong>sacrilicium</strong></span> <span class='ocrx_word' id='word_1_75' title='bbox 1019 699 1143 785; x_wconf 86' lang='lat' dir='ltr'><strong>siguifi-</strong></span> <span class='ocrx_word' id='word_1_76' title='bbox 1168 654 1172 751; x_wconf 78' lang='lat' dir='ltr'><strong>l</strong></span> <span class='ocrx_word' id='word_1_77' title='bbox 1196 701 1357 764; x_wconf 88' lang='lat' dir='ltr'><strong>bonorum</strong></span> <span class='ocrx_word' id='word_1_78' title='bbox 1381 700 1603 784; x_wconf 74' lang='lat' dir='ltr'><strong>corporalium</strong></span> <span class='ocrx_word' id='word_1_79' title='bbox 1627 720 1689 764; x_wconf 88' lang='lat' dir='ltr'><strong>scu</strong></span> <span class='ocrx_word' id='word_1_80' title='bbox 1710 701 1947 784; x_wconf 88' lang='lat' dir='ltr'><strong>praesentium,</strong></span> <span class='ocrx_word' id='word_1_81' title='bbox 1970 720 2056 784; x_wconf 90' lang='lat' dir='ltr'><strong>quae</strong></span> <span class='ocrx_word' id='word_1_82' title='bbox 2079 701 2178 764; x_wconf 89' lang='lat' dir='ltr'><strong>etiam</strong></span> 
     </span>
     <span class='ocr_line' id='line_1_7' title="bbox 161 754 2178 899; baseline -0.002 -48"><span class='ocrx_word' id='word_1_83' title='bbox 161 799 218 852; x_wconf 89' lang='lat' dir='ltr'><strong>cat</strong></span> <span class='ocrx_word' id='word_1_84' title='bbox 241 807 337 872; x_wconf 92' lang='lat' dir='ltr'><strong>opus,</strong></span> <span class='ocrx_word' id='word_1_85' title='bbox 361 807 427 871; x_wconf 82' lang='lat' dir='ltr'><strong>quo</strong></span> <span class='ocrx_word' id='word_1_86' title='bbox 451 786 543 851; x_wconf 89' lang='lat' dir='ltr'><strong>Deus</strong></span> <span class='ocrx_word' id='word_1_87' title='bbox 565 788 688 850; x_wconf 91' lang='lat' dir='ltr'><strong>iudicat</strong></span> <span class='ocrx_word' id='word_1_88' title='bbox 710 806 748 849; x_wconf 90' lang='lat' dir='ltr'><strong>sc</strong></span> <span class='ocrx_word' id='word_1_89' title='bbox 769 785 898 850; x_wconf 88' lang='lat' dir='ltr'><strong>bonore</strong></span> <span class='ocrx_word' id='word_1_90' title='bbox 920 785 1019 850; x_wconf 90' lang='lat' dir='ltr'><strong>allici.</strong></span> <span class='ocrx_word' id='word_1_91' title='bbox 1065 784 1143 849; x_wconf 90' lang='lat' dir='ltr'><strong>ldeo</strong></span> <span class='ocrx_word' id='word_1_92' title='bbox 1168 754 1173 899; x_wconf 58' lang='lat' dir='ltr'><strong>l</strong></span> <span class='ocrx_word' id='word_1_93' title='bbox 1196 799 1274 850; x_wconf 89' lang='lat' dir='ltr'><strong>sunt</strong></span> <span class='ocrx_word' id='word_1_94' title='bbox 1295 799 1388 850; x_wconf 91' lang='lat' dir='ltr'><strong>ratae</strong></span> <span class='ocrx_word' id='word_1_95' title='bbox 1410 798 1547 870; x_wconf 91' lang='lat' dir='ltr'><strong>propter</strong></span> <span class='ocrx_word' id='word_1_96' title='bbox 1570 782 1701 862; x_wconf 87' lang='lat' dir='ltr'><strong>Fil&#39;um,</strong></span> <span class='ocrx_word' id='word_1_97' title='bbox 1723 787 1810 849; x_wconf 90' lang='lat' dir='ltr'><strong>sicut</strong></span> <span class='ocrx_word' id='word_1_98' title='bbox 1831 787 1863 850; x_wconf 77' lang='lat'><strong>2.</strong></span> <span class='ocrx_word' id='word_1_99' title='bbox 1887 784 1965 859; x_wconf 74' lang='lat' dir='ltr'><strong>Cor.</strong></span> <span class='ocrx_word' id='word_1_100' title='bbox 1993 787 2019 850; x_wconf 91' lang='lat' dir='ltr'><strong>l.</strong></span> <span class='ocrx_word' id='word_1_101' title='bbox 2043 786 2178 851; x_wconf 78' lang='lat' dir='ltr'><strong>dicitur:</strong></span> 
     </span>
     <span class='ocr_line' id='line_1_8' title="bbox 162 871 2180 955; baseline -0.001 -17"><span class='ocrx_word' id='word_1_102' title='bbox 162 875 286 938; x_wconf 83' lang='lat' dir='ltr'><strong>dictum</strong></span> <span class='ocrx_word' id='word_1_103' title='bbox 310 886 373 952; x_wconf 91' lang='lat' dir='ltr'><strong>est,</strong></span> <span class='ocrx_word' id='word_1_104' title='bbox 397 872 488 937; x_wconf 90' lang='lat' dir='ltr'><strong>Esai.</strong></span> <span class='ocrx_word' id='word_1_105' title='bbox 511 871 565 936; x_wconf 87' lang='grc'><strong>61.</strong></span> <span class='ocrx_word' id='word_1_106' title='bbox 610 871 909 937; x_wconf 81' lang='lat' dir='ltr'><strong>Vos&#39;sacerdotes</strong></span> <span class='ocrx_word' id='word_1_107' title='bbox 932 871 1064 936; x_wconf 89' lang='lat' dir='ltr'><strong>Domini</strong></span> <span class='ocrx_word' id='word_1_108' title='bbox 1088 891 1145 935; x_wconf 85' lang='lat' dir='ltr'><strong>vo·</strong></span> <span class='ocrx_word' id='word_1_109' title='bbox 1168 902 1173 955; x_wconf 61' lang='grc' dir='ltr'>ι</span> <span class='ocrx_word' id='word_1_110' title='bbox 1196 872 1322 937; x_wconf 85' lang='lat' dir='ltr'><strong>Omnes</strong></span> <span class='ocrx_word' id='word_1_111' title='bbox 1345 874 1584 955; x_wconf 87' lang='lat' dir='ltr'><strong>promissiones</strong></span> <span class='ocrx_word' id='word_1_112' title='bbox 1606 874 1638 937; x_wconf 90' lang='lat' dir='ltr'><strong>io</strong></span> <span class='ocrx_word' id='word_1_113' title='bbox 1652 871 1787 936; x_wconf 82' lang='lat' dir='ltr'><strong>Christo</strong></span> <span class='ocrx_word' id='word_1_114' title='bbox 1806 884 1884 935; x_wconf 88' lang='lat' dir='ltr'><strong>sunt</strong></span> <span class='ocrx_word' id='word_1_115' title='bbox 1906 882 1998 935; x_wconf 89' lang='lat' dir='ltr'><strong>ratae</strong></span> <span class='ocrx_word' id='word_1_116' title='bbox 2021 883 2180 937; x_wconf 83' lang='lat' dir='ltr'><strong>ettamen</strong></span> 
     </span>
     <span class='ocr_line' id='line_1_9' title="bbox 162 955 2180 1042; baseline -0 -20"><span class='ocrx_word' id='word_1_117' title='bbox 162 960 327 1030; x_wconf 84' lang='lat' dir='ltr'><strong>cabimiui,</strong></span> <span class='ocrx_word' id='word_1_118' title='bbox 353 960 492 1024; x_wconf 86' lang='lat' dir='ltr'><strong>ministri</strong></span> <span class='ocrx_word' id='word_1_119' title='bbox 514 957 577 1023; x_wconf 95' lang='lat' dir='ltr'><strong>Dei</strong></span> <span class='ocrx_word' id='word_1_120' title='bbox 600 960 706 1021; x_wconf 88' lang='lat' dir='ltr'><strong>nostri</strong></span> <span class='ocrx_word' id='word_1_121' title='bbox 728 959 857 1022; x_wconf 89' lang='lat' dir='ltr'><strong>dicetur</strong></span> <span class='ocrx_word' id='word_1_122' title='bbox 878 959 986 1023; x_wconf 89' lang='lat' dir='ltr'><strong>vobis.</strong></span> <span class='ocrx_word' id='word_1_123' title='bbox 1020 955 1144 1022; x_wconf 90' lang='lat' dir='ltr'><strong>Psalm.</strong></span> <span class='ocrx_word' id='word_1_124' title='bbox 1196 958 1378 1023; x_wconf 76' lang='lat' dir='ltr'><strong>differentia</strong></span> <span class='ocrx_word' id='word_1_125' title='bbox 1403 971 1470 1036; x_wconf 86' lang='lat' dir='ltr'><strong>est,</strong></span> <span class='ocrx_word' id='word_1_126' title='bbox 1503 957 1597 1023; x_wconf 88' lang='lat' dir='ltr'><strong>Dens</strong></span> <span class='ocrx_word' id='word_1_127' title='bbox 1628 961 1684 1021; x_wconf 93' lang='lat' dir='ltr'><strong>dat</strong></span> <span class='ocrx_word' id='word_1_128' title='bbox 1713 960 1799 1023; x_wconf 88' lang='lat' dir='ltr'><strong>bona</strong></span> <span class='ocrx_word' id='word_1_129' title='bbox 1829 980 1870 1021; x_wconf 90' lang='lat' dir='ltr'><strong>co</strong></span> <span class='ocrx_word' id='word_1_130' title='bbox 1912 956 2035 1036; x_wconf 84' lang='lat' dir='ltr'><strong>oralia,</strong></span> <span class='ocrx_word' id='word_1_131' title='bbox 2068 977 2180 1042; x_wconf 89' lang='lat' dir='ltr'><strong>neque</strong></span> 
     </span>
     <span class='ocr_line' id='line_1_10' title="bbox 159 979 2179 1131; baseline -0.001 -22"><span class='ocrx_word' id='word_1_132' title='bbox 159 1044 214 1109; x_wconf 78' lang='lat'><strong>50.</strong></span> <span class='ocrx_word' id='word_1_133' title='bbox 238 1045 445 1110; x_wconf 76' lang='lat' dir='ltr'><strong>Sacrificium</strong></span> <span class='ocrx_word' id='word_1_134' title='bbox 462 1044 538 1109; x_wconf 89' lang='lat' dir='ltr'><strong>Deo</strong></span> <span class='ocrx_word' id='word_1_135' title='bbox 550 1045 692 1127; x_wconf 82' lang='lat' dir='ltr'><strong>Spiritus</strong></span> <span class='ocrx_word' id='word_1_136' title='bbox 714 1042 966 1116; x_wconf 90' lang='lat' dir='ltr'><strong>contribulatus,</strong></span> <span class='ocrx_word' id='word_1_137' title='bbox 989 1066 1048 1109; x_wconf 92' lang='lat' dir='ltr'><strong>cor</strong></span> <span class='ocrx_word' id='word_1_138' title='bbox 1067 1064 1145 1107; x_wconf 92' lang='lat' dir='ltr'><strong>con·</strong></span> <span class='ocrx_word' id='word_1_139' title='bbox 1196 1045 1323 1122; x_wconf 88' lang='lat' dir='ltr'><strong>eadem,</strong></span> <span class='ocrx_word' id='word_1_140' title='bbox 1347 1065 1456 1131; x_wconf 88' lang='lat' dir='ltr'><strong>neque</strong></span> <span class='ocrx_word' id='word_1_141' title='bbox 1478 1050 1592 1108; x_wconf 88' lang='lat' dir='ltr'><strong>eodem</strong></span> <span class='ocrx_word' id='word_1_142' title='bbox 1616 1046 1727 1121; x_wconf 93' lang='lat' dir='ltr'><strong>modo,</strong></span> <span class='ocrx_word' id='word_1_143' title='bbox 1749 1057 1785 1108; x_wconf 90' lang='lat' dir='ltr'><strong>ut</strong></span> <span class='ocrx_word' id='word_1_144' title='bbox 1798 979 1956 1107; x_wconf 60' lang='lat' dir='ltr'><strong>boullae</strong></span> <span class='ocrx_word' id='word_1_145' title='bbox 1966 1044 2023 1107; x_wconf 91' lang='lat' dir='ltr'><strong>dat</strong></span> <span class='ocrx_word' id='word_1_146' title='bbox 2034 1044 2179 1124; x_wconf 83' lang='lat' dir='ltr'><strong>divitias,</strong></span> 
     </span>
     <span class='ocr_line' id='line_1_11' title="bbox 160 1128 2179 1218; baseline -0.001 -23"><span class='ocrx_word' id='word_1_147' title='bbox 160 1133 283 1196; x_wconf 84' lang='lat' dir='ltr'><strong>tritum.</strong></span> <span class='ocrx_word' id='word_1_148' title='bbox 317 1129 462 1196; x_wconf 84' lang='lat' dir='ltr'><strong>blalacb.</strong></span> <span class='ocrx_word' id='word_1_149' title='bbox 482 1132 514 1196; x_wconf 87' lang='lat'><strong>3.</strong></span> <span class='ocrx_word' id='word_1_150' title='bbox 548 1130 711 1218; x_wconf 86' lang='lat' dir='ltr'><strong>Purgabit</strong></span> <span class='ocrx_word' id='word_1_151' title='bbox 743 1144 776 1194; x_wconf 94' lang='lat' dir='ltr'><strong>et</strong></span> <span class='ocrx_word' id='word_1_152' title='bbox 809 1129 933 1196; x_wconf 81' lang='lat' dir='ltr'><strong>colabit</strong></span> <span class='ocrx_word' id='word_1_153' title='bbox 966 1150 1026 1196; x_wconf 90' lang='lat' dir='ltr'><strong>eos</strong></span> <span class='ocrx_word' id='word_1_154' title='bbox 1059 1132 1145 1194; x_wconf 90' lang='lat' dir='ltr'><strong>sicut</strong></span> <span class='ocrx_word' id='word_1_155' title='bbox 1195 1151 1263 1194; x_wconf 90' lang='lat' dir='ltr'><strong>noo</strong></span> <span class='ocrx_word' id='word_1_156' title='bbox 1291 1132 1346 1195; x_wconf 90' lang='lat' dir='ltr'><strong>dat</strong></span> <span class='ocrx_word' id='word_1_157' title='bbox 1369 1130 1510 1195; x_wconf 87' lang='lat' dir='ltr'><strong>Lazaro.</strong></span> <span class='ocrx_word' id='word_1_158' title='bbox 1557 1129 1834 1194; x_wconf 85' lang='lat' dir='ltr'><strong>Sinit-lonatlram</strong></span> <span class='ocrx_word' id='word_1_159' title='bbox 1856 1128 1996 1194; x_wconf 87' lang='lat' dir='ltr'><strong>interfici</strong></span> <span class='ocrx_word' id='word_1_160' title='bbox 2019 1151 2093 1194; x_wconf 92' lang='lat' dir='ltr'><strong>cum</strong></span> <span class='ocrx_word' id='word_1_161' title='bbox 2119 1150 2179 1213; x_wconf 88' lang='lat' dir='ltr'><strong>pa·</strong></span> 
     </span>
     <span class='ocr_line' id='line_1_12' title="bbox 160 1213 2178 1303; baseline 0 -22"><span class='ocrx_word' id='word_1_162' title='bbox 160 1237 278 1282; x_wconf 91' lang='lat' dir='ltr'><strong>aurum</strong></span> <span class='ocrx_word' id='word_1_163' title='bbox 301 1229 334 1281; x_wconf 91' lang='lat' dir='ltr'><strong>et</strong></span> <span class='ocrx_word' id='word_1_164' title='bbox 356 1229 549 1303; x_wconf 86' lang='lat' dir='ltr'><strong>argentum,</strong></span> <span class='ocrx_word' id='word_1_165' title='bbox 571 1230 606 1282; x_wconf 91' lang='lat' dir='ltr'><strong>et</strong></span> <span class='ocrx_word' id='word_1_166' title='bbox 627 1228 724 1283; x_wconf 90' lang='lat' dir='ltr'><strong>erunt</strong></span> <span class='ocrx_word' id='word_1_167' title='bbox 752 1215 819 1282; x_wconf 89' lang='lat' dir='ltr'><strong>dno</strong></span> <span class='ocrx_word' id='word_1_168' title='bbox 841 1217 1020 1283; x_wconf 86' lang='lat' dir='ltr'><strong>offerentes</strong></span> <span class='ocrx_word' id='word_1_169' title='bbox 1042 1218 1145 1280; x_wconf 89' lang='lat' dir='ltr'><strong>sacri·</strong></span> <span class='ocrx_word' id='word_1_170' title='bbox 1195 1233 1265 1294; x_wconf 87' lang='lat' dir='ltr'><strong>tre,</strong></span> <span class='ocrx_word' id='word_1_171' title='bbox 1296 1237 1362 1281; x_wconf 90' lang='lat' dir='ltr'><strong>oon</strong></span> <span class='ocrx_word' id='word_1_172' title='bbox 1387 1219 1465 1281; x_wconf 88' lang='lat' dir='ltr'><strong>sinit</strong></span> <span class='ocrx_word' id='word_1_173' title='bbox 1495 1218 1600 1282; x_wconf 88' lang='lat' dir='ltr'><strong>occidi</strong></span> <span class='ocrx_word' id='word_1_174' title='bbox 1624 1216 1798 1281; x_wconf 84' lang='lat' dir='ltr'><strong>Davidem.</strong></span> <span class='ocrx_word' id='word_1_175' title='bbox 1842 1219 1922 1280; x_wconf 91' lang='lat' dir='ltr'><strong>item</strong></span> <span class='ocrx_word' id='word_1_176' title='bbox 1949 1217 2044 1299; x_wconf 89' lang='lat' dir='ltr'><strong>punit</strong></span> <span class='ocrx_word' id='word_1_177' title='bbox 2076 1213 2178 1281; x_wconf 86' lang='lat' dir='ltr'><strong>exilio</strong></span> 
     </span>
     <span class='ocr_line' id='line_1_13' title="bbox 161 1300 1856 1386; baseline -0.002 -18"><span class='ocrx_word' id='word_1_178' title='bbox 161 1301 239 1370; x_wconf 84' lang='lat' dir='ltr'><strong>licia</strong></span> <span class='ocrx_word' id='word_1_179' title='bbox 260 1305 445 1369; x_wconf 86' lang='lat' dir='ltr'><strong>iniustitia.</strong></span> <span class='ocrx_word' id='word_1_180' title='bbox 1195 1300 1371 1383; x_wconf 75' lang='lat' dir='ltr'><strong>Davidem,</strong></span> <span class='ocrx_word' id='word_1_181' title='bbox 1394 1322 1461 1367; x_wconf 89' lang='lat' dir='ltr'><strong>uon</strong></span> <span class='ocrx_word' id='word_1_182' title='bbox 1483 1305 1533 1368; x_wconf 82' lang='lat' dir='ltr'><strong>sic</strong></span> <span class='ocrx_word' id='word_1_183' title='bbox 1555 1304 1647 1386; x_wconf 77' lang='lat' dir='ltr'><strong>punit</strong></span> <span class='ocrx_word' id='word_1_184' title='bbox 1668 1302 1856 1366; x_wconf 80' lang='lat' dir='ltr'><strong>Ezechiam.</strong></span> 
     </span>
    </p>
   </div>
   <div class='ocr_carea' id='block_1_3' title="bbox 89 1450 2238 5177">
    <p class='ocr_par' dir='ltr' id='par_1_3' title="bbox 89 1450 2238 2937">
     <span class='ocr_line' id='line_1_14' title="bbox 249 1450 2181 1560; baseline -0.001 -22"><span class='ocrx_word' id='word_1_185' title='bbox 249 1473 383 1546; x_wconf 84' lang='lat' dir='ltr'><strong>Quanta</strong></span> <span class='ocrx_word' id='word_1_186' title='bbox 405 1471 595 1540; x_wconf 90' lang='lat' dir='ltr'><strong>consolatio</strong></span> <span class='ocrx_word' id='word_1_187' title='bbox 619 1485 672 1538; x_wconf 93' lang='lat' dir='ltr'><strong>cst</strong></span> <span class='ocrx_word' id='word_1_188' title='bbox 693 1476 792 1552; x_wconf 90' lang='lat' dir='ltr'><strong>scire,</strong></span> <span class='ocrx_word' id='word_1_189' title='bbox 815 1473 1004 1552; x_wconf 81' lang='lat' dir='ltr'><strong>Pastorem,</strong></span> <span class='ocrx_word' id='word_1_190' title='bbox 1019 1472 1144 1538; x_wconf 87' lang='lat' dir='ltr'><strong>Docto·</strong></span> <span class='ocrx_word' id='word_1_191' title='bbox 1219 1450 1230 1469; x_wconf 54' lang='lat'><strong>⁹</strong></span> <span class='ocrx_word' id='word_1_192' title='bbox 1281 1471 1364 1538; x_wconf 90' lang='lat' dir='ltr'><strong>Vult</strong></span> <span class='ocrx_word' id='word_1_193' title='bbox 1386 1484 1494 1538; x_wconf 89' lang='lat' dir='ltr'><strong>antem</strong></span> <span class='ocrx_word' id='word_1_194' title='bbox 1524 1485 1558 1538; x_wconf 87' lang='lat' dir='ltr'><strong>et</strong></span> <span class='ocrx_word' id='word_1_195' title='bbox 1585 1493 1713 1558; x_wconf 86' lang='lat' dir='ltr'><strong>poenas</strong></span> <span class='ocrx_word' id='word_1_196' title='bbox 1742 1485 1775 1538; x_wconf 90' lang='lat' dir='ltr'><strong>et</strong></span> <span class='ocrx_word' id='word_1_197' title='bbox 1806 1472 1955 1557; x_wconf 88' lang='lat' dir='ltr'><strong>praemia</strong></span> <span class='ocrx_word' id='word_1_198' title='bbox 1984 1492 2122 1560; x_wconf 87' lang='lat' dir='ltr'><strong>opernm</strong></span> <span class='ocrx_word' id='word_1_199' title='bbox 2144 1472 2181 1536; x_wconf 94' lang='lat' dir='ltr'><strong>in</strong></span> 
     </span>
     <span class='ocr_line' id='line_1_15' title="bbox 161 1556 2181 1647; baseline -0 -23"><span class='ocrx_word' id='word_1_200' title='bbox 161 1580 244 1641; x_wconf 86' lang='lat' dir='ltr'><strong>rem,</strong></span> <span class='ocrx_word' id='word_1_201' title='bbox 256 1558 475 1645; x_wconf 91' lang='lat' dir='ltr'><strong>Discipulum,</strong></span> <span class='ocrx_word' id='word_1_202' title='bbox 490 1559 731 1647; x_wconf 85' lang='lat' dir='ltr'><strong>blagistratum,</strong></span> <span class='ocrx_word' id='word_1_203' title='bbox 750 1559 901 1639; x_wconf 84' lang='lat' dir='ltr'><strong>Militem,</strong></span> <span class='ocrx_word' id='word_1_204' title='bbox 921 1557 1145 1625; x_wconf 79' lang='lat' dir='ltr'><strong>l’atremfami·</strong></span> <span class='ocrx_word' id='word_1_205' title='bbox 1194 1559 1262 1624; x_wconf 92' lang='lat' dir='ltr'><strong>bac</strong></span> <span class='ocrx_word' id='word_1_206' title='bbox 1295 1561 1363 1624; x_wconf 86' lang='lat' dir='ltr'><strong>vita</strong></span> <span class='ocrx_word' id='word_1_207' title='bbox 1396 1581 1529 1645; x_wconf 84' lang='lat' dir='ltr'><strong>quoque</strong></span> <span class='ocrx_word' id='word_1_208' title='bbox 1563 1561 1729 1644; x_wconf 79' lang='lat' dir='ltr'><strong>conspici,</strong></span> <span class='ocrx_word' id='word_1_209' title='bbox 1763 1580 1868 1643; x_wconf 88' lang='lat' dir='ltr'><strong>quare</strong></span> <span class='ocrx_word' id='word_1_210' title='bbox 1900 1560 2028 1622; x_wconf 91' lang='lat' dir='ltr'><strong>atrocia</strong></span> <span class='ocrx_word' id='word_1_211' title='bbox 2057 1556 2181 1623; x_wconf 89' lang='lat' dir='ltr'><strong>delicta</strong></span> 
     </span>
     <span class='ocr_line' id='line_1_16' title="bbox 159 1643 2238 1731; baseline -0.001 -21"><span class='ocrx_word' id='word_1_212' title='bbox 159 1643 243 1724; x_wconf 89' lang='lat' dir='ltr'><strong>lias,</strong></span> <span class='ocrx_word' id='word_1_213' title='bbox 265 1647 425 1726; x_wconf 85' lang='lat' dir='ltr'><strong>llatrem,</strong></span> <span class='ocrx_word' id='word_1_214' title='bbox 447 1643 584 1729; x_wconf 83' lang='lat' dir='ltr'><strong>placere</strong></span> <span class='ocrx_word' id='word_1_215' title='bbox 605 1644 700 1725; x_wconf 91' lang='lat' dir='ltr'><strong>Deo,</strong></span> <span class='ocrx_word' id='word_1_216' title='bbox 731 1657 764 1712; x_wconf 92' lang='lat' dir='ltr'><strong>et</strong></span> <span class='ocrx_word' id='word_1_217' title='bbox 785 1667 962 1729; x_wconf 85' lang='lat' dir='ltr'><strong>personam</strong></span> <span class='ocrx_word' id='word_1_218' title='bbox 991 1659 1024 1713; x_wconf 91' lang='lat' dir='ltr'><strong>et</strong></span> <span class='ocrx_word' id='word_1_219' title='bbox 1057 1646 1145 1710; x_wconf 90' lang='lat' dir='ltr'><strong>banc</strong></span> <span class='ocrx_word' id='word_1_220' title='bbox 1194 1647 1287 1731; x_wconf 92' lang='lat' dir='ltr'><strong>punit</strong></span> <span class='ocrx_word' id='word_1_221' title='bbox 1310 1651 1480 1711; x_wconf 83' lang='lat' dir='ltr'><strong>atrocibus</strong></span> <span class='ocrx_word' id='word_1_222' title='bbox 1501 1649 1619 1730; x_wconf 87' lang='lat' dir='ltr'><strong>poeuis</strong></span> <span class='ocrx_word' id='word_1_223' title='bbox 1650 1651 1681 1710; x_wconf 90' lang='lat' dir='ltr'><strong>in</strong></span> <span class='ocrx_word' id='word_1_224' title='bbox 1704 1644 1769 1708; x_wconf 88' lang='lat' dir='ltr'><strong>bac</strong></span> <span class='ocrx_word' id='word_1_225' title='bbox 1791 1647 1938 1723; x_wconf 82' lang='lat' dir='ltr'><strong>vita,&#39;et</strong></span> <span class='ocrx_word' id='word_1_226' title='bbox 1960 1663 2022 1731; x_wconf 86' lang='lat' dir='ltr'><strong>pro</strong></span> <span class='ocrx_word' id='word_1_227' title='bbox 2044 1643 2180 1709; x_wconf 86' lang='lat' dir='ltr'><strong>beocla-</strong></span> <span class='ocrx_word' id='word_1_228' title='bbox 2234 1683 2238 1687; x_wconf 94' lang='lat'>-</span> 
     </span>
     <span class='ocr_line' id='line_1_17' title="bbox 158 1728 2181 1817; baseline -0 -21"><span class='ocrx_word' id='word_1_229' title='bbox 158 1729 344 1817; x_wconf 89' lang='lat' dir='ltr'><strong>squalidam</strong></span> <span class='ocrx_word' id='word_1_230' title='bbox 367 1733 589 1797; x_wconf 87' lang='lat' dir='ltr'><strong>obedientiam</strong></span> <span class='ocrx_word' id='word_1_231' title='bbox 612 1736 644 1797; x_wconf 91' lang='lat' dir='ltr'><strong>in</strong></span> <span class='ocrx_word' id='word_1_232' title='bbox 669 1734 818 1797; x_wconf 78' lang='lat' dir='ltr'><strong>maximis</strong></span> <span class='ocrx_word' id='word_1_233' title='bbox 840 1729 1011 1798; x_wconf 82' lang='lat' dir='ltr'><strong>laboribus</strong></span> <span class='ocrx_word' id='word_1_234' title='bbox 1035 1746 1068 1796; x_wconf 93' lang='grc' dir='ltr'><strong>ει</strong></span> <span class='ocrx_word' id='word_1_235' title='bbox 1090 1754 1145 1796; x_wconf 84' lang='grc' dir='ltr'>ιιε-</span> <span class='ocrx_word' id='word_1_236' title='bbox 1169 1737 1172 1749; x_wconf 88' lang='grc'><em>“</em></span> <span class='ocrx_word' id='word_1_237' title='bbox 1197 1735 1259 1797; x_wconf 84' lang='grc' dir='ltr'><strong>ειίε</strong></span> <span class='ocrx_word' id='word_1_238' title='bbox 1283 1734 1340 1796; x_wconf 90' lang='lat' dir='ltr'><strong>dat</strong></span> <span class='ocrx_word' id='word_1_239' title='bbox 1363 1735 1509 1815; x_wconf 81' lang='lat' dir='ltr'><strong>praemia</strong></span> <span class='ocrx_word' id='word_1_240' title='bbox 1532 1731 1616 1797; x_wconf 92' lang='lat' dir='ltr'><strong>alias</strong></span> <span class='ocrx_word' id='word_1_241' title='bbox 1638 1730 1736 1796; x_wconf 88' lang='lat' dir='ltr'><strong>aliter</strong></span> <span class='ocrx_word' id='word_1_242' title='bbox 1758 1751 1819 1795; x_wconf 90' lang='lat' dir='ltr'><strong>suo</strong></span> <span class='ocrx_word' id='word_1_243' title='bbox 1840 1728 1991 1795; x_wconf 86' lang='lat' dir='ltr'><strong>consilio.</strong></span> <span class='ocrx_word' id='word_1_244' title='bbox 2037 1728 2079 1794; x_wconf 90' lang='lat' dir='ltr'><strong>Et</strong></span> <span class='ocrx_word' id='word_1_245' title='bbox 2096 1750 2181 1798; x_wconf 81' lang='lat' dir='ltr'><strong>vera</strong></span> 
     </span>
     <span class='ocr_line' id='line_1_18' title="bbox 157 1817 2180 1904; baseline -0.001 -21"><span class='ocrx_word' id='word_1_246' title='bbox 157 1821 283 1883; x_wconf 78' lang='lat' dir='ltr'><strong>numnis</strong></span> <span class='ocrx_word' id='word_1_247' title='bbox 316 1820 547 1897; x_wconf 74' lang='lat' dir='ltr'><strong>vocationum,</strong></span> <span class='ocrx_word' id='word_1_248' title='bbox 587 1830 620 1884; x_wconf 91' lang='lat' dir='ltr'><strong>et</strong></span> <span class='ocrx_word' id='word_1_249' title='bbox 661 1821 807 1883; x_wconf 84' lang='lat' dir='ltr'><strong>discerni</strong></span> <span class='ocrx_word' id='word_1_250' title='bbox 848 1839 913 1883; x_wconf 90' lang='lat' dir='ltr'><strong>nos</strong></span> <span class='ocrx_word' id='word_1_251' title='bbox 946 1820 989 1883; x_wconf 91' lang='lat' dir='ltr'><strong>ab</strong></span> <span class='ocrx_word' id='word_1_252' title='bbox 1027 1819 1144 1901; x_wconf 87' lang='lat' dir='ltr'><strong>impiis.</strong></span> <span class='ocrx_word' id='word_1_253' title='bbox 1196 1832 1247 1881; x_wconf 90' lang='lat' dir='ltr'><strong>est</strong></span> <span class='ocrx_word' id='word_1_254' title='bbox 1270 1820 1468 1902; x_wconf 78' lang='lat' dir='ltr'><strong>propositio:</strong></span> <span class='ocrx_word' id='word_1_255' title='bbox 1491 1819 1587 1882; x_wconf 88' lang='lat' dir='ltr'><strong>Bona</strong></span> <span class='ocrx_word' id='word_1_256' title='bbox 1609 1840 1712 1904; x_wconf 92' lang='lat' dir='ltr'><strong>opera</strong></span> <span class='ocrx_word' id='word_1_257' title='bbox 1735 1830 1947 1895; x_wconf 92' lang='lat' dir='ltr'><strong>sanctorum,</strong></span> <span class='ocrx_word' id='word_1_258' title='bbox 1971 1817 2099 1886; x_wconf 89' lang='lat' dir='ltr'><strong>etiamsi</strong></span> <span class='ocrx_word' id='word_1_259' title='bbox 2122 1837 2180 1880; x_wconf 93' lang='lat' dir='ltr'><strong>ne·</strong></span> 
     </span>
     <span class='ocr_line' id='line_1_19' title="bbox 159 1900 2199 1990; baseline -0 -23"><span class='ocrx_word' id='word_1_260' title='bbox 159 1902 326 1978; x_wconf 87' lang='lat' dir='ltr'><strong>Quantum</strong></span> <span class='ocrx_word' id='word_1_261' title='bbox 350 1903 451 1969; x_wconf 85' lang='lat' dir='ltr'><strong>refert</strong></span> <span class='ocrx_word' id='word_1_262' title='bbox 479 1905 567 1968; x_wconf 84' lang='lat' dir='ltr'><strong>scire</strong></span> <span class='ocrx_word' id='word_1_263' title='bbox 597 1903 744 1969; x_wconf 91' lang='lat' dir='ltr'><strong>militiam</strong></span> <span class='ocrx_word' id='word_1_264' title='bbox 770 1902 910 1969; x_wconf 87' lang='lat' dir='ltr'><strong>Davidis</strong></span> <span class='ocrx_word' id='word_1_265' title='bbox 941 1925 1018 1969; x_wconf 85' lang='lat' dir='ltr'><strong>esse</strong></span> <span class='ocrx_word' id='word_1_266' title='bbox 1041 1906 1145 1968; x_wconf 81' lang='lat' dir='ltr'><strong>sacri·</strong></span> <span class='ocrx_word' id='word_1_267' title='bbox 1196 1927 1260 1990; x_wconf 89' lang='lat' dir='ltr'><strong>que</strong></span> <span class='ocrx_word' id='word_1_268' title='bbox 1283 1906 1510 1968; x_wconf 85' lang='lat' dir='ltr'><strong>remissionem</strong></span> <span class='ocrx_word' id='word_1_269' title='bbox 1534 1919 1764 1990; x_wconf 91' lang='lat' dir='ltr'><strong>peccatorum,</strong></span> <span class='ocrx_word' id='word_1_270' title='bbox 1798 1924 1904 1988; x_wconf 82' lang='lat' dir='ltr'><strong>neque</strong></span> <span class='ocrx_word' id='word_1_271' title='bbox 1934 1900 2199 1967; x_wconf 70' lang='lat' dir='ltr'><strong>reconciliatio·</strong></span> 
     </span>
     <span class='ocr_line' id='line_1_20' title="bbox 158 1965 2181 2077; baseline -0.002 -21"><span class='ocrx_word' id='word_1_272' title='bbox 158 1980 357 2056; x_wconf 85' lang='lat' dir='ltr'><strong>liciucho</strong></span> <span class='ocrx_word' id='word_1_273' title='bbox 381 2002 510 2055; x_wconf 70' lang='lat' dir='ltr'><strong>oratam</strong></span> <span class='ocrx_word' id='word_1_274' title='bbox 532 2003 564 2054; x_wconf 90' lang='lat' dir='ltr'><strong>et</strong></span> <span class='ocrx_word' id='word_1_275' title='bbox 583 1988 664 2072; x_wconf 72' lang='lat' dir='ltr'><strong>utile</strong></span> <span class='ocrx_word' id='word_1_276' title='bbox 683 1989 875 2056; x_wconf 81' lang='lat' dir='ltr'><strong>Ecclesiae:</strong></span> <span class='ocrx_word' id='word_1_277' title='bbox 905 1989 976 2054; x_wconf 85' lang='lat' dir='ltr'><strong>lolii</strong></span> <span class='ocrx_word' id='word_1_278' title='bbox 999 1988 1145 2054; x_wconf 88' lang='lat' dir='ltr'><strong>militiam</strong></span> <span class='ocrx_word' id='word_1_279' title='bbox 1169 1965 1181 2067; x_wconf 69' lang='lat' dir='ltr'><strong>l</strong></span> <span class='ocrx_word' id='word_1_280' title='bbox 1196 2012 1289 2069; x_wconf 92' lang='lat' dir='ltr'><strong>ncm‚</strong></span> <span class='ocrx_word' id='word_1_281' title='bbox 1319 2009 1427 2077; x_wconf 87' lang='lat' dir='ltr'><strong>neque</strong></span> <span class='ocrx_word' id='word_1_282' title='bbox 1450 1993 1549 2055; x_wconf 84' lang='lat' dir='ltr'><strong>vitam</strong></span> <span class='ocrx_word' id='word_1_283' title='bbox 1573 2003 1740 2054; x_wconf 90' lang='lat' dir='ltr'><strong>aeternam</strong></span> <span class='ocrx_word' id='word_1_284' title='bbox 1763 2002 1949 2065; x_wconf 90' lang='lat' dir='ltr'><strong>merentur,</strong></span> <span class='ocrx_word' id='word_1_285' title='bbox 1971 2001 2082 2053; x_wconf 89' lang='lat' dir='ltr'><strong>tamen</strong></span> <span class='ocrx_word' id='word_1_286' title='bbox 2111 2010 2181 2052; x_wconf 89' lang='lat' dir='ltr'><strong>me·</strong></span> 
     </span>
     <span class='ocr_line' id='line_1_21' title="bbox 160 2041 2180 2162; baseline -0.001 -21"><span class='ocrx_word' id='word_1_287' title='bbox 160 2095 238 2141; x_wconf 89' lang='lat' dir='ltr'><strong>esse</strong></span> <span class='ocrx_word' id='word_1_288' title='bbox 261 2041 421 2141; x_wconf 74' lang='lat' dir='ltr'><strong>horribile</strong></span> <span class='ocrx_word' id='word_1_289' title='bbox 444 2078 643 2155; x_wconf 84' lang='lat' dir='ltr'><strong>incendium,</strong></span> <span class='ocrx_word' id='word_1_290' title='bbox 665 2089 699 2141; x_wconf 89' lang='lat' dir='ltr'><strong>et</strong></span> <span class='ocrx_word' id='word_1_291' title='bbox 722 2079 888 2160; x_wconf 89' lang='lat' dir='ltr'><strong>impetum,</strong></span> <span class='ocrx_word' id='word_1_292' title='bbox 911 2078 945 2141; x_wconf 92' lang='lat' dir='ltr'><strong>in</strong></span> <span class='ocrx_word' id='word_1_293' title='bbox 994 2073 1145 2141; x_wconf 90' lang='lat' dir='ltr'><strong>uoDeus</strong></span> <span class='ocrx_word' id='word_1_294' title='bbox 1196 2078 1262 2140; x_wconf 87' lang='lat' dir='ltr'><strong>reri</strong></span> <span class='ocrx_word' id='word_1_295' title='bbox 1294 2072 1359 2141; x_wconf 91' lang='lat' dir='ltr'><strong>alia</strong></span> <span class='ocrx_word' id='word_1_296' title='bbox 1387 2080 1535 2162; x_wconf 86' lang='lat' dir='ltr'><strong>praemia</strong></span> <span class='ocrx_word' id='word_1_297' title='bbox 1564 2073 1752 2161; x_wconf 87' lang='lat' dir='ltr'><strong>corporalia</strong></span> <span class='ocrx_word' id='word_1_298' title='bbox 1778 2087 1813 2139; x_wconf 88' lang='lat' dir='ltr'><strong>ct</strong></span> <span class='ocrx_word' id='word_1_299' title='bbox 1841 2073 2026 2160; x_wconf 85' lang='lat' dir='ltr'><strong>spiritualia</strong></span> <span class='ocrx_word' id='word_1_300' title='bbox 2053 2076 2085 2138; x_wconf 92' lang='lat' dir='ltr'><strong>in</strong></span> <span class='ocrx_word' id='word_1_301' title='bbox 2113 2075 2180 2140; x_wconf 89' lang='lat' dir='ltr'><strong>bac</strong></span> 
     </span>
     <span class='ocr_line' id='line_1_22' title="bbox 159 2159 2182 2249; baseline -0.002 -20"><span class='ocrx_word' id='word_1_302' title='bbox 159 2160 362 2230; x_wconf 89' lang='lat' dir='ltr'><strong>contumelia</strong></span> <span class='ocrx_word' id='word_1_303' title='bbox 383 2159 539 2227; x_wconf 86' lang='lat' dir='ltr'><strong>allicitur.</strong></span> <span class='ocrx_word' id='word_1_304' title='bbox 585 2162 664 2227; x_wconf 90' lang='lat' dir='ltr'><strong>ldeo</strong></span> <span class='ocrx_word' id='word_1_305' title='bbox 687 2161 767 2226; x_wconf 90' lang='lat' dir='ltr'><strong>dicit</strong></span> <span class='ocrx_word' id='word_1_306' title='bbox 790 2161 933 2228; x_wconf 83' lang='lat' dir='ltr'><strong>Paulus:</strong></span> <span class='ocrx_word' id='word_1_307' title='bbox 998 2184 1059 2227; x_wconf 91' lang='lat' dir='ltr'><strong>eus</strong></span> <span class='ocrx_word' id='word_1_308' title='bbox 1083 2175 1145 2241; x_wconf 88' lang='lat' dir='ltr'><strong>est,</strong></span> <span class='ocrx_word' id='word_1_309' title='bbox 1196 2165 1281 2241; x_wconf 90' lang='lat' dir='ltr'><strong>vita,</strong></span> <span class='ocrx_word' id='word_1_310' title='bbox 1304 2161 1415 2248; x_wconf 86' lang='lat' dir='ltr'><strong>aliquo</strong></span> <span class='ocrx_word' id='word_1_311' title='bbox 1439 2165 1538 2227; x_wconf 85' lang='lat' dir='ltr'><strong>nrodo</strong></span> <span class='ocrx_word' id='word_1_312' title='bbox 1562 2165 1796 2249; x_wconf 88' lang='lat' dir='ltr'><strong>mitigationem</strong></span> <span class='ocrx_word' id='word_1_313' title='bbox 1819 2171 1998 2245; x_wconf 84' lang='lat' dir='ltr'><strong>poenarum</strong></span> <span class='ocrx_word' id='word_1_314' title='bbox 2020 2180 2182 2244; x_wconf 84' lang='lat' dir='ltr'><strong>praesen·</strong></span> 
     </span>
     <span class='ocr_line' id='line_1_23' title="bbox 160 2245 2179 2335; baseline -0.001 -21"><span class='ocrx_word' id='word_1_315' title='bbox 160 2251 216 2335; x_wconf 86' lang='lat' dir='ltr'><strong>qui</strong></span> <span class='ocrx_word' id='word_1_316' title='bbox 237 2248 328 2326; x_wconf 85' lang='lat' dir='ltr'><strong>facit,</strong></span> <span class='ocrx_word' id='word_1_317' title='bbox 352 2261 388 2313; x_wconf 96' lang='grc' dir='ltr'><strong>ιιι</strong></span> <span class='ocrx_word' id='word_1_318' title='bbox 417 2246 538 2327; x_wconf 88' lang='lat' dir='ltr'><strong>veirtis,</strong></span> <span class='ocrx_word' id='word_1_319' title='bbox 561 2261 594 2312; x_wconf 91' lang='lat' dir='ltr'><strong>et</strong></span> <span class='ocrx_word' id='word_1_320' title='bbox 616 2260 652 2314; x_wconf 90' lang='lat' dir='ltr'><strong>ut</strong></span> <span class='ocrx_word' id='word_1_321' title='bbox 673 2248 872 2332; x_wconf 82' lang='lat' dir='ltr'><strong>perficiatis,</strong></span> <span class='ocrx_word' id='word_1_322' title='bbox 893 2260 930 2314; x_wconf 93' lang='lat' dir='ltr'><strong>ut</strong></span> <span class='ocrx_word' id='word_1_323' title='bbox 951 2251 1059 2333; x_wconf 87' lang='lat' dir='ltr'><strong>aliqua</strong></span> <span class='ocrx_word' id='word_1_324' title='bbox 1082 2250 1145 2331; x_wconf 89' lang='lat' dir='ltr'><strong>ipsi</strong></span> <span class='ocrx_word' id='word_1_325' title='bbox 1196 2251 1292 2326; x_wconf 92' lang='lat' dir='ltr'><strong>tium,</strong></span> <span class='ocrx_word' id='word_1_326' title='bbox 1326 2251 1602 2333; x_wconf 78' lang='lat' dir='ltr'><strong>gubernationem</strong></span> <span class='ocrx_word' id='word_1_327' title='bbox 1641 2245 1935 2335; x_wconf 69' lang='lat' dir='ltr'><strong>tranquilliorem.</strong></span> <span class='ocrx_word' id='word_1_328' title='bbox 1968 2246 2012 2312; x_wconf 90' lang='lat' dir='ltr'><strong>Et</strong></span> <span class='ocrx_word' id='word_1_329' title='bbox 2051 2246 2179 2332; x_wconf 85' lang='lat' dir='ltr'><strong>gradus</strong></span> 
     </span>
     <span class='ocr_line' id='line_1_24' title="bbox 160 2330 1605 2421; baseline 0.001 -24"><span class='ocrx_word' id='word_1_330' title='bbox 160 2332 372 2421; x_wconf 81' lang='lat' dir='ltr'><strong>gratabant,</strong></span> <span class='ocrx_word' id='word_1_331' title='bbox 394 2335 489 2418; x_wconf 89' lang='lat' dir='ltr'><strong>quasi</strong></span> <span class='ocrx_word' id='word_1_332' title='bbox 513 2335 617 2398; x_wconf 84' lang='lat' dir='ltr'><strong>dicat:</strong></span> <span class='ocrx_word' id='word_1_333' title='bbox 636 2334 712 2399; x_wconf 87' lang='lat' dir='ltr'><strong>Non</strong></span> <span class='ocrx_word' id='word_1_334' title='bbox 736 2330 806 2398; x_wconf 90' lang='lat' dir='ltr'><strong>vult</strong></span> <span class='ocrx_word' id='word_1_335' title='bbox 829 2345 933 2399; x_wconf 90' lang='lat' dir='ltr'><strong>totum</strong></span> <span class='ocrx_word' id='word_1_336' title='bbox 981 2354 1064 2398; x_wconf 88' lang='lat' dir='ltr'><strong>eous</strong></span> <span class='ocrx_word' id='word_1_337' title='bbox 1087 2334 1146 2398; x_wconf 89' lang='lat' dir='ltr'><strong>bu·</strong></span> <span class='ocrx_word' id='word_1_338' title='bbox 1196 2346 1292 2401; x_wconf 87' lang='lat' dir='ltr'><strong>eruut</strong></span> <span class='ocrx_word' id='word_1_339' title='bbox 1313 2337 1346 2399; x_wconf 90' lang='lat' dir='ltr'><strong>in</strong></span> <span class='ocrx_word' id='word_1_340' title='bbox 1369 2336 1437 2400; x_wconf 87' lang='lat' dir='ltr'><strong>vita</strong></span> <span class='ocrx_word' id='word_1_341' title='bbox 1458 2348 1605 2418; x_wconf 84' lang='lat' dir='ltr'><strong>aeterna.</strong></span> 
     </span>
     <span class='ocr_line' id='line_1_25' title="bbox 89 2357 1146 2501; baseline -0.001 -16"><span class='ocrx_word' id='word_1_342' title='bbox 89 2496 92 2501; x_wconf 20' lang='lat'><em>¹</em></span> <span class='ocrx_word' id='word_1_343' title='bbox 158 2441 291 2485; x_wconf 88' lang='lat' dir='ltr'><strong>manum</strong></span> <span class='ocrx_word' id='word_1_344' title='bbox 314 2418 381 2484; x_wconf 89' lang='lat' dir='ltr'><strong>tale</strong></span> <span class='ocrx_word' id='word_1_345' title='bbox 404 2440 492 2499; x_wconf 85' lang='lat' dir='ltr'><strong>esse,</strong></span> <span class='ocrx_word' id='word_1_346' title='bbox 515 2431 552 2485; x_wconf 93' lang='lat' dir='ltr'><strong>ut</strong></span> <span class='ocrx_word' id='word_1_347' title='bbox 575 2416 894 2485; x_wconf 73' lang='lat' dir='ltr'><strong>conturmcliaDeum</strong></span> <span class='ocrx_word' id='word_1_348' title='bbox 913 2357 1046 2484; x_wconf 49' lang='lat' dir='ltr'><strong>atdciat.</strong></span> <span class='ocrx_word' id='word_1_349' title='bbox 1076 2419 1146 2484; x_wconf 88' lang='lat' dir='ltr'><strong>Sed</strong></span> 
     </span>
     <span class='ocr_line' id='line_1_26' title="bbox 160 2504 2180 2593; baseline -0.001 -21"><span class='ocrx_word' id='word_1_350' title='bbox 160 2505 233 2572; x_wconf 83' lang='lat' dir='ltr'><strong>vult</strong></span> <span class='ocrx_word' id='word_1_351' title='bbox 256 2527 336 2570; x_wconf 88' lang='lat' dir='ltr'><strong>esse</strong></span> <span class='ocrx_word' id='word_1_352' title='bbox 359 2504 502 2592; x_wconf 85' lang='lat' dir='ltr'><strong>aliquam</strong></span> <span class='ocrx_word' id='word_1_353' title='bbox 525 2519 671 2591; x_wconf 88' lang='lat' dir='ltr'><strong>partem,</strong></span> <span class='ocrx_word' id='word_1_354' title='bbox 700 2527 785 2592; x_wconf 90' lang='lat' dir='ltr'><strong>quae</strong></span> <span class='ocrx_word' id='word_1_355' title='bbox 808 2505 955 2573; x_wconf 88' lang='lat' dir='ltr'><strong>celebret</strong></span> <span class='ocrx_word' id='word_1_356' title='bbox 976 2506 1084 2570; x_wconf 89' lang='lat' dir='ltr'><strong>Deum</strong></span> <span class='ocrx_word' id='word_1_357' title='bbox 1112 2517 1146 2570; x_wconf 92' lang='lat' dir='ltr'><strong>ct</strong></span> <span class='ocrx_word' id='word_1_358' title='bbox 1283 2504 1358 2569; x_wconf 86' lang='lat' dir='ltr'><strong>Sint</strong></span> <span class='ocrx_word' id='word_1_359' title='bbox 1387 2508 1488 2593; x_wconf 88' lang='lat' dir='ltr'><strong>igitur</strong></span> <span class='ocrx_word' id='word_1_360' title='bbox 1514 2507 1548 2570; x_wconf 93' lang='lat' dir='ltr'><strong>in</strong></span> <span class='ocrx_word' id='word_1_361' title='bbox 1578 2515 1762 2590; x_wconf 88' lang='lat' dir='ltr'><strong>conspectu</strong></span> <span class='ocrx_word' id='word_1_362' title='bbox 1783 2505 2022 2590; x_wconf 83' lang='lat' dir='ltr'><strong>promissiones</strong></span> <span class='ocrx_word' id='word_1_363' title='bbox 2045 2505 2180 2570; x_wconf 86' lang='lat' dir='ltr'><strong>additae</strong></span> 
     </span>
     <span class='ocr_line' id='line_1_27' title="bbox 161 2590 2179 2693; baseline -0 -38"><span class='ocrx_word' id='word_1_364' title='bbox 161 2605 259 2679; x_wconf 87' lang='lat' dir='ltr'><strong>grata</strong></span> <span class='ocrx_word' id='word_1_365' title='bbox 287 2593 316 2656; x_wconf 93' lang='lat' dir='ltr'><strong>ei</strong></span> <span class='ocrx_word' id='word_1_366' title='bbox 350 2590 469 2671; x_wconf 84' lang='lat' dir='ltr'><strong>saciat,</strong></span> <span class='ocrx_word' id='word_1_367' title='bbox 502 2606 533 2656; x_wconf 90' lang='lat' dir='ltr'><strong>et</strong></span> <span class='ocrx_word' id='word_1_368' title='bbox 563 2593 694 2679; x_wconf 85' lang='lat' dir='ltr'><strong>quidem</strong></span> <span class='ocrx_word' id='word_1_369' title='bbox 724 2594 796 2676; x_wconf 89' lang='lat' dir='ltr'><strong>ipse</strong></span> <span class='ocrx_word' id='word_1_370' title='bbox 825 2594 959 2657; x_wconf 85' lang='lat' dir='ltr'><strong>adiuvat</strong></span> <span class='ocrx_word' id='word_1_371' title='bbox 992 2592 1145 2656; x_wconf 88' lang='lat' dir='ltr'><strong>volentes</strong></span> <span class='ocrx_word' id='word_1_372' title='bbox 1169 2646 1173 2693; x_wconf 63' lang='grc' dir='ltr'>Ι</span> <span class='ocrx_word' id='word_1_373' title='bbox 1197 2595 1369 2676; x_wconf 86' lang='lat' dir='ltr'><strong>operibus.</strong></span> <span class='ocrx_word' id='word_1_374' title='bbox 1424 2590 1512 2657; x_wconf 88' lang='lat' dir='ltr'><strong>Date</strong></span> <span class='ocrx_word' id='word_1_375' title='bbox 1546 2604 1579 2657; x_wconf 92' lang='lat' dir='ltr'><strong>et</strong></span> <span class='ocrx_word' id='word_1_376' title='bbox 1613 2594 1746 2657; x_wconf 89' lang='lat' dir='ltr'><strong>dabitur</strong></span> <span class='ocrx_word' id='word_1_377' title='bbox 1778 2593 1886 2657; x_wconf 88' lang='lat' dir='ltr'><strong>vobis.</strong></span> <span class='ocrx_word' id='word_1_378' title='bbox 1940 2591 2036 2656; x_wconf 87' lang='lat' dir='ltr'><strong>Beati</strong></span> <span class='ocrx_word' id='word_1_379' title='bbox 2070 2591 2179 2672; x_wconf 84' lang='lat' dir='ltr'><strong>mites,</strong></span> 
     </span>
     <span class='ocr_line' id='line_1_28' title="bbox 159 2676 2178 2764; baseline -0.002 -21"><span class='ocrx_word' id='word_1_380' title='bbox 159 2680 224 2764; x_wconf 83' lang='lat' dir='ltr'><strong>ipsi</strong></span> <span class='ocrx_word' id='word_1_381' title='bbox 246 2679 395 2758; x_wconf 88' lang='lat' dir='ltr'><strong>obedire,</strong></span> <span class='ocrx_word' id='word_1_382' title='bbox 417 2690 449 2742; x_wconf 92' lang='lat' dir='ltr'><strong>et</strong></span> <span class='ocrx_word' id='word_1_383' title='bbox 471 2676 562 2758; x_wconf 79' lang='lat' dir='ltr'><strong>facit,</strong></span> <span class='ocrx_word' id='word_1_384' title='bbox 585 2691 621 2744; x_wconf 92' lang='lat' dir='ltr'><strong>ut</strong></span> <span class='ocrx_word' id='word_1_385' title='bbox 644 2693 797 2744; x_wconf 90' lang='lat' dir='ltr'><strong>servetur</strong></span> <span class='ocrx_word' id='word_1_386' title='bbox 819 2677 992 2756; x_wconf 87' lang='lat' dir='ltr'><strong>Ecclesia,</strong></span> <span class='ocrx_word' id='word_1_387' title='bbox 1015 2691 1048 2742; x_wconf 90' lang='lat' dir='ltr'><strong>et</strong></span> <span class='ocrx_word' id='word_1_388' title='bbox 1069 2699 1145 2762; x_wconf 88' lang='lat' dir='ltr'><strong>pro·</strong></span> <span class='ocrx_word' id='word_1_389' title='bbox 1196 2680 1273 2763; x_wconf 90' lang='lat' dir='ltr'><strong>quia</strong></span> <span class='ocrx_word' id='word_1_390' title='bbox 1306 2680 1528 2762; x_wconf 88' lang='lat' dir='ltr'><strong>possidebunt</strong></span> <span class='ocrx_word' id='word_1_391' title='bbox 1561 2691 1693 2743; x_wconf 89' lang='lat' dir='ltr'><strong>terram.</strong></span> <span class='ocrx_word' id='word_1_392' title='bbox 1751 2678 1793 2740; x_wconf 89' lang='lat' dir='ltr'><strong>Et</strong></span> <span class='ocrx_word' id='word_1_393' title='bbox 1833 2696 1937 2761; x_wconf 85' lang='lat' dir='ltr'><strong>saepe</strong></span> <span class='ocrx_word' id='word_1_394' title='bbox 1979 2678 2178 2764; x_wconf 79' lang='lat' dir='ltr'><strong>cogitemus,</strong></span> 
     </span>
     <span class='ocr_line' id='line_1_29' title="bbox 159 2760 2181 2850; baseline -0 -22"><span class='ocrx_word' id='word_1_395' title='bbox 159 2765 228 2828; x_wconf 88' lang='lat' dir='ltr'><strong>sint</strong></span> <span class='ocrx_word' id='word_1_396' title='bbox 256 2760 411 2848; x_wconf 87' lang='lat' dir='ltr'><strong>labores,</strong></span> <span class='ocrx_word' id='word_1_397' title='bbox 442 2760 648 2832; x_wconf 75' lang='lat' dir='ltr'><strong>stcut&#39;attot</strong></span> <span class='ocrx_word' id='word_1_398' title='bbox 677 2767 783 2850; x_wconf 91' lang='lat' dir='ltr'><strong>inquit</strong></span> <span class='ocrx_word' id='word_1_399' title='bbox 809 2763 951 2830; x_wconf 74' lang='lat' dir='ltr'><strong>Paulusz</strong></span> <span class='ocrx_word' id='word_1_400' title='bbox 984 2765 1061 2830; x_wconf 88' lang='lat' dir='ltr'><strong>Non</strong></span> <span class='ocrx_word' id='word_1_401' title='bbox 1093 2776 1147 2831; x_wconf 90' lang='lat' dir='ltr'><strong>est</strong></span> <span class='ocrx_word' id='word_1_402' title='bbox 1196 2785 1299 2850; x_wconf 86' lang='lat' dir='ltr'><strong>quare</strong></span> <span class='ocrx_word' id='word_1_403' title='bbox 1334 2765 1426 2829; x_wconf 87' lang='lat' dir='ltr'><strong>Deus</strong></span> <span class='ocrx_word' id='word_1_404' title='bbox 1461 2767 1646 2829; x_wconf 82' lang='lat' dir='ltr'><strong>tradiderit</strong></span> <span class='ocrx_word' id='word_1_405' title='bbox 1675 2766 1914 2849; x_wconf 82' lang='lat' dir='ltr'><strong>promissiones</strong></span> <span class='ocrx_word' id='word_1_406' title='bbox 1955 2760 2181 2848; x_wconf 86' lang='lat' dir='ltr'><strong>corporalium</strong></span> 
     </span>
     <span class='ocr_line' id='line_1_30' title="bbox 159 2848 2181 2937; baseline -0.002 -20"><span class='ocrx_word' id='word_1_407' title='bbox 159 2850 268 2917; x_wconf 77' lang='lat' dir='ltr'><strong>banis</strong></span> <span class='ocrx_word' id='word_1_408' title='bbox 290 2848 388 2917; x_wconf 88' lang='lat' dir='ltr'><strong>labor</strong></span> <span class='ocrx_word' id='word_1_409' title='bbox 410 2863 523 2917; x_wconf 91' lang='lat' dir='ltr'><strong>vester</strong></span> <span class='ocrx_word' id='word_1_410' title='bbox 543 2852 578 2916; x_wconf 94' lang='lat' dir='ltr'><strong>in</strong></span> <span class='ocrx_word' id='word_1_411' title='bbox 600 2849 757 2915; x_wconf 90' lang='lat' dir='ltr'><strong>Domino.</strong></span> <span class='ocrx_word' id='word_1_412' title='bbox 1099 2900 1102 2906; x_wconf 85' lang='lat'><strong>.</strong></span> <span class='ocrx_word' id='word_1_413' title='bbox 1195 2852 1371 2929; x_wconf 89' lang='lat' dir='ltr'><strong>bonorum,</strong></span> <span class='ocrx_word' id='word_1_414' title='bbox 1396 2864 1430 2916; x_wconf 92' lang='lat' dir='ltr'><strong>et</strong></span> <span class='ocrx_word' id='word_1_415' title='bbox 1447 2854 1536 2937; x_wconf 88' lang='lat' dir='ltr'><strong>quod</strong></span> <span class='ocrx_word' id='word_1_416' title='bbox 1559 2850 1638 2915; x_wconf 83' lang='lat' dir='ltr'><strong>relrt</strong></span> <span class='ocrx_word' id='word_1_417' title='bbox 1661 2863 1757 2915; x_wconf 79' lang='lat' dir='ltr'><strong>ettam</strong></span> <span class='ocrx_word' id='word_1_418' title='bbox 1777 2871 1809 2913; x_wconf 91' lang='lat' dir='ltr'><strong>m</strong></span> <span class='ocrx_word' id='word_1_419' title='bbox 1833 2849 1884 2913; x_wconf 86' lang='lat' dir='ltr'><strong>brs</strong></span> <span class='ocrx_word' id='word_1_420' title='bbox 1909 2852 2005 2914; x_wconf 88' lang='lat' dir='ltr'><strong>bonis</strong></span> <span class='ocrx_word' id='word_1_421' title='bbox 2027 2851 2181 2935; x_wconf 75' lang='lat' dir='ltr'><strong>petendis</strong></span> 
     </span>
    </p>

    <p class='ocr_par' dir='ltr' id='par_1_4' title="bbox 158 2935 2237 3877">
     <span class='ocr_line' id='line_1_31' title="bbox 809 2935 2182 3020; baseline -0.001 -19"><span class='ocrx_word' id='word_1_422' title='bbox 809 2973 811 2976; x_wconf 40' lang='lat'><em>⁴</em></span> <span class='ocrx_word' id='word_1_423' title='bbox 1195 2949 1228 3001; x_wconf 91' lang='lat' dir='ltr'><strong>et</strong></span> <span class='ocrx_word' id='word_1_424' title='bbox 1261 2939 1463 3020; x_wconf 88' lang='lat' dir='ltr'><strong>accipiendis</strong></span> <span class='ocrx_word' id='word_1_425' title='bbox 1503 2938 1652 3001; x_wconf 84' lang='lat' dir='ltr'><strong>exerceri</strong></span> <span class='ocrx_word' id='word_1_426' title='bbox 1687 2937 1819 3014; x_wconf 85' lang='lat' dir='ltr'><strong>Fidem,</strong></span> <span class='ocrx_word' id='word_1_427' title='bbox 1854 2935 2119 3014; x_wconf 87' lang='lat' dir='ltr'><strong>luvocatiouem,</strong></span> <span class='ocrx_word' id='word_1_428' title='bbox 2146 2945 2182 2999; x_wconf 90' lang='lat' dir='ltr'><strong>et</strong></span> 
     </span>
     <span class='ocr_line' id='line_1_32' title="bbox 246 3019 2182 3107; baseline -0.001 -20"><span class='ocrx_word' id='word_1_429' title='bbox 246 3021 340 3087; x_wconf 86' lang='lat' dir='ltr'><strong>llaec</strong></span> <span class='ocrx_word' id='word_1_430' title='bbox 372 3024 462 3087; x_wconf 88' lang='lat' dir='ltr'><strong>bona</strong></span> <span class='ocrx_word' id='word_1_431' title='bbox 484 3019 611 3087; x_wconf 90' lang='lat' dir='ltr'><strong>scilicet</strong></span> <span class='ocrx_word' id='word_1_432' title='bbox 632 3020 767 3106; x_wconf 88' lang='lat' dir='ltr'><strong>plaeere</strong></span> <span class='ocrx_word' id='word_1_433' title='bbox 790 3020 884 3099; x_wconf 90' lang='lat' dir='ltr'><strong>Deo,</strong></span> <span class='ocrx_word' id='word_1_434' title='bbox 918 3041 995 3086; x_wconf 88' lang='lat' dir='ltr'><strong>esse</strong></span> <span class='ocrx_word' id='word_1_435' title='bbox 1018 3021 1145 3086; x_wconf 82' lang='lat' dir='ltr'><strong>sacrifi·</strong></span> <span class='ocrx_word' id='word_1_436' title='bbox 1196 3022 1386 3088; x_wconf 82' lang='lat' dir='ltr'><strong>Gratiarum</strong></span> <span class='ocrx_word' id='word_1_437' title='bbox 1419 3026 1593 3088; x_wconf 88' lang='lat' dir='ltr'><strong>actionem.</strong></span> <span class='ocrx_word' id='word_1_438' title='bbox 1637 3023 1861 3104; x_wconf 86' lang='lat' dir='ltr'><strong>Numerantur</strong></span> <span class='ocrx_word' id='word_1_439' title='bbox 1890 3033 1999 3087; x_wconf 88' lang='lat' dir='ltr'><strong>autem</strong></span> <span class='ocrx_word' id='word_1_440' title='bbox 2032 3024 2182 3107; x_wconf 82' lang='lat' dir='ltr'><strong>qrdrrque</strong></span> 
     </span>
     <span class='ocr_line' id='line_1_33' title="bbox 159 3104 2180 3196; baseline 0 -23"><span class='ocrx_word' id='word_1_441' title='bbox 159 3109 259 3186; x_wconf 91' lang='lat' dir='ltr'><strong>cium,</strong></span> <span class='ocrx_word' id='word_1_442' title='bbox 283 3128 359 3171; x_wconf 90' lang='lat' dir='ltr'><strong>esse</strong></span> <span class='ocrx_word' id='word_1_443' title='bbox 382 3106 516 3173; x_wconf 91' lang='lat' dir='ltr'><strong>labores</strong></span> <span class='ocrx_word' id='word_1_444' title='bbox 539 3107 649 3186; x_wconf 88' lang='lat' dir='ltr'><strong>utiles,</strong></span> <span class='ocrx_word' id='word_1_445' title='bbox 672 3104 781 3194; x_wconf 90' lang='lat' dir='ltr'><strong>qualis</strong></span> <span class='ocrx_word' id='word_1_446' title='bbox 800 3109 945 3193; x_wconf 85' lang='lat' dir='ltr'><strong>dignitas</strong></span> <span class='ocrx_word' id='word_1_447' title='bbox 967 3110 1049 3186; x_wconf 89' lang='lat' dir='ltr'><strong>sint,</strong></span> <span class='ocrx_word' id='word_1_448' title='bbox 1072 3107 1144 3172; x_wconf 92' lang='lat' dir='ltr'><strong>dili·</strong></span> <span class='ocrx_word' id='word_1_449' title='bbox 1195 3129 1335 3187; x_wconf 88' lang='lat' dir='ltr'><strong>causae,</strong></span> <span class='ocrx_word' id='word_1_450' title='bbox 1368 3123 1506 3194; x_wconf 88' lang='lat' dir='ltr'><strong>propter</strong></span> <span class='ocrx_word' id='word_1_451' title='bbox 1537 3129 1622 3195; x_wconf 87' lang='lat' dir='ltr'><strong>quas</strong></span> <span class='ocrx_word' id='word_1_452' title='bbox 1655 3111 1798 3173; x_wconf 87' lang='lat' dir='ltr'><strong>traditae</strong></span> <span class='ocrx_word' id='word_1_453' title='bbox 1826 3120 1904 3175; x_wconf 87' lang='lat' dir='ltr'><strong>sunt</strong></span> <span class='ocrx_word' id='word_1_454' title='bbox 1935 3109 2180 3196; x_wconf 82' lang='lat' dir='ltr'><strong>promissiones</strong></span> 
     </span>
     <span class='ocr_line' id='line_1_34' title="bbox 160 3193 1617 3300; baseline 0.001 -44"><span class='ocrx_word' id='word_1_455' title='bbox 160 3206 278 3300; x_wconf 81' lang='lat' dir='ltr'><strong>genter</strong></span> <span class='ocrx_word' id='word_1_456' title='bbox 300 3195 578 3259; x_wconf 87' lang='lat' dir='ltr'><strong>considerandum</strong></span> <span class='ocrx_word' id='word_1_457' title='bbox 597 3206 660 3266; x_wconf 86' lang='lat' dir='ltr'><strong>est,</strong></span> <span class='ocrx_word' id='word_1_458' title='bbox 681 3204 718 3257; x_wconf 93' lang='lat' dir='ltr'><strong>ut</strong></span> <span class='ocrx_word' id='word_1_459' title='bbox 735 3208 769 3257; x_wconf 91' lang='lat' dir='ltr'><strong>et</strong></span> <span class='ocrx_word' id='word_1_460' title='bbox 790 3194 989 3272; x_wconf 86' lang='lat' dir='ltr'><strong>necessitas,</strong></span> <span class='ocrx_word' id='word_1_461' title='bbox 1012 3193 1146 3259; x_wconf 85' lang='lat' dir='ltr'><strong>ethaeo</strong></span> <span class='ocrx_word' id='word_1_462' title='bbox 1196 3197 1359 3260; x_wconf 90' lang='lat' dir='ltr'><strong>bonorum</strong></span> <span class='ocrx_word' id='word_1_463' title='bbox 1381 3194 1617 3280; x_wconf 88' lang='lat' dir='ltr'><strong>corporalium.</strong></span> 
     </span>
     <span class='ocr_line' id='line_1_35' title="bbox 158 3276 1795 3381; baseline 0.001 -38"><span class='ocrx_word' id='word_1_464' title='bbox 158 3280 305 3365; x_wconf 78' lang='lat' dir='ltr'><strong>angentia</strong></span> <span class='ocrx_word' id='word_1_465' title='bbox 324 3279 446 3360; x_wconf 91' lang='lat' dir='ltr'><strong>bona,</strong></span> <span class='ocrx_word' id='word_1_466' title='bbox 478 3276 650 3359; x_wconf 87' lang='lat' dir='ltr'><strong>videlicet,</strong></span> <span class='ocrx_word' id='word_1_467' title='bbox 692 3280 782 3365; x_wconf 88' lang='lat' dir='ltr'><strong>quod</strong></span> <span class='ocrx_word' id='word_1_468' title='bbox 815 3280 1001 3344; x_wconf 89' lang='lat' dir='ltr'><strong>obedientia</strong></span> <span class='ocrx_word' id='word_1_469' title='bbox 1034 3278 1145 3381; x_wconf 90' lang='lat' dir='ltr'><strong>placet</strong></span> <span class='ocrx_word' id='word_1_470' title='bbox 1473 3328 1477 3337; x_wconf 48' lang='lat'>=</span> <span class='ocrx_word' id='word_1_471' title='bbox 1792 3316 1795 3321; x_wconf 89' lang='lat'>·</span> 
     </span>
     <span class='ocr_line' id='line_1_36' title="bbox 158 3363 2222 3451; baseline -0.001 -21"><span class='ocrx_word' id='word_1_472' title='bbox 158 3364 254 3446; x_wconf 92' lang='lat' dir='ltr'><strong>Deo,</strong></span> <span class='ocrx_word' id='word_1_473' title='bbox 288 3368 377 3451; x_wconf 82' lang='lat' dir='ltr'><strong>quod</strong></span> <span class='ocrx_word' id='word_1_474' title='bbox 401 3377 454 3431; x_wconf 89' lang='lat' dir='ltr'><strong>est</strong></span> <span class='ocrx_word' id='word_1_475' title='bbox 475 3367 693 3444; x_wconf 76' lang='lat' dir='ltr'><strong>sacrificium,</strong></span> <span class='ocrx_word' id='word_1_476' title='bbox 726 3367 815 3451; x_wconf 90' lang='lat' dir='ltr'><strong>quod</strong></span> <span class='ocrx_word' id='word_1_477' title='bbox 838 3363 928 3431; x_wconf 89' lang='lat' dir='ltr'><strong>utilis</strong></span> <span class='ocrx_word' id='word_1_478' title='bbox 952 3378 1004 3430; x_wconf 91' lang='lat' dir='ltr'><strong>est</strong></span> <span class='ocrx_word' id='word_1_479' title='bbox 1025 3364 1145 3431; x_wconf 76' lang='lat' dir='ltr'><strong>Eccle·</strong></span> <span class='ocrx_word' id='word_1_480' title='bbox 1283 3365 1405 3445; x_wconf 90' lang='lat' dir='ltr'><strong>Prima,</strong></span> <span class='ocrx_word' id='word_1_481' title='bbox 1429 3364 1512 3430; x_wconf 91' lang='lat' dir='ltr'><strong>Vult</strong></span> <span class='ocrx_word' id='word_1_482' title='bbox 1534 3365 1628 3432; x_wconf 87' lang='lat' dir='ltr'><strong>Dens</strong></span> <span class='ocrx_word' id='word_1_483' title='bbox 1650 3385 1713 3430; x_wconf 93' lang='lat' dir='ltr'><strong>nos</strong></span> <span class='ocrx_word' id='word_1_484' title='bbox 1738 3363 1926 3431; x_wconf 86' lang='lat' dir='ltr'><strong>confirmari</strong></span> <span class='ocrx_word' id='word_1_485' title='bbox 1954 3376 2072 3432; x_wconf 88' lang='lat' dir='ltr'><strong>contra</strong></span> <span class='ocrx_word' id='word_1_486' title='bbox 2100 3364 2179 3449; x_wconf 88' lang='lat' dir='ltr'><strong>Epi·</strong></span> <span class='ocrx_word' id='word_1_487' title='bbox 2218 3396 2222 3401; x_wconf 96' lang='lat'>·</span> 
     </span>
     <span class='ocr_line' id='line_1_37' title="bbox 159 3450 2237 3539; baseline -0 -22"><span class='ocrx_word' id='word_1_488' title='bbox 159 3454 249 3531; x_wconf 87' lang='lat' dir='ltr'><strong>siae,</strong></span> <span class='ocrx_word' id='word_1_489' title='bbox 273 3454 474 3518; x_wconf 81' lang='lat' dir='ltr'><strong>exusciteut</strong></span> <span class='ocrx_word' id='word_1_490' title='bbox 493 3473 557 3517; x_wconf 90' lang='lat' dir='ltr'><strong>nos</strong></span> <span class='ocrx_word' id='word_1_491' title='bbox 580 3453 622 3517; x_wconf 88' lang='lat' dir='ltr'><strong>ad</strong></span> <span class='ocrx_word' id='word_1_492' title='bbox 647 3453 870 3517; x_wconf 84' lang='lat' dir='ltr'><strong>eorumbene</strong></span> <span class='ocrx_word' id='word_1_493' title='bbox 899 3454 1077 3534; x_wconf 88' lang='lat' dir='ltr'><strong>operandi,</strong></span> <span class='ocrx_word' id='word_1_494' title='bbox 1112 3464 1145 3518; x_wconf 90' lang='lat' dir='ltr'><strong>et</strong></span> <span class='ocrx_word' id='word_1_495' title='bbox 1197 3473 1317 3517; x_wconf 82' lang='lat' dir='ltr'><strong>careas</strong></span> <span class='ocrx_word' id='word_1_496' title='bbox 1335 3455 1603 3539; x_wconf 80' lang='lat' dir='ltr'><strong>imaginationes,</strong></span> <span class='ocrx_word' id='word_1_497' title='bbox 1627 3464 1660 3516; x_wconf 91' lang='lat' dir='ltr'><strong>et</strong></span> <span class='ocrx_word' id='word_1_498' title='bbox 1682 3453 1762 3517; x_wconf 86' lang='lat' dir='ltr'><strong>sciri</strong></span> <span class='ocrx_word' id='word_1_499' title='bbox 1780 3471 1949 3517; x_wconf 88' lang='lat' dir='ltr'><strong>uonrasu</strong></span> <span class='ocrx_word' id='word_1_500' title='bbox 1968 3450 2181 3517; x_wconf 82' lang='lat' dir='ltr'><strong>oilerribaec</strong></span> <span class='ocrx_word' id='word_1_501' title='bbox 2227 3516 2237 3533; x_wconf 74' lang='grc'>,</span> 
     </span>
     <span class='ocr_line' id='line_1_38' title="bbox 159 3536 2180 3625; baseline -0.001 -21"><span class='ocrx_word' id='word_1_502' title='bbox 159 3539 265 3604; x_wconf 84' lang='grc' dir='ltr'>ιιιιιίιιε</span> <span class='ocrx_word' id='word_1_503' title='bbox 288 3539 411 3603; x_wconf 90' lang='lat' dir='ltr'><strong>donum</strong></span> <span class='ocrx_word' id='word_1_504' title='bbox 434 3550 497 3617; x_wconf 89' lang='lat' dir='ltr'><strong>est,</strong></span> <span class='ocrx_word' id='word_1_505' title='bbox 520 3536 717 3625; x_wconf 89' lang='lat' dir='ltr'><strong>quodDeus</strong></span> <span class='ocrx_word' id='word_1_506' title='bbox 736 3536 880 3603; x_wconf 83' lang='lat' dir='ltr'><strong>affirmat</strong></span> <span class='ocrx_word' id='word_1_507' title='bbox 903 3558 941 3601; x_wconf 88' lang='lat' dir='ltr'><strong>se</strong></span> <span class='ocrx_word' id='word_1_508' title='bbox 963 3538 1048 3625; x_wconf 71' lang='lat' dir='ltr'><strong>llaec</strong></span> <span class='ocrx_word' id='word_1_509' title='bbox 1072 3540 1145 3623; x_wconf 90' lang='lat' dir='ltr'><strong>ipsa</strong></span> <span class='ocrx_word' id='word_1_510' title='bbox 1196 3542 1284 3603; x_wconf 90' lang='lat' dir='ltr'><strong>bona</strong></span> <span class='ocrx_word' id='word_1_511' title='bbox 1307 3542 1380 3604; x_wconf 89' lang='lat' dir='ltr'><strong>sinc</strong></span> <span class='ocrx_word' id='word_1_512' title='bbox 1402 3542 1506 3624; x_wconf 90' lang='lat' dir='ltr'><strong>ipsius</strong></span> <span class='ocrx_word' id='word_1_513' title='bbox 1530 3539 1683 3604; x_wconf 89' lang='lat' dir='ltr'><strong>consilio.</strong></span> <span class='ocrx_word' id='word_1_514' title='bbox 1715 3536 1795 3603; x_wconf 94' lang='lat' dir='ltr'><strong>Vult</strong></span> <span class='ocrx_word' id='word_1_515' title='bbox 1816 3559 1897 3624; x_wconf 88' lang='lat' dir='ltr'><strong>crgo</strong></span> <span class='ocrx_word' id='word_1_516' title='bbox 1920 3540 2060 3624; x_wconf 90' lang='lat' dir='ltr'><strong>primum</strong></span> <span class='ocrx_word' id='word_1_517' title='bbox 2083 3557 2180 3603; x_wconf 84' lang='lat' dir='ltr'><strong>exer·</strong></span> 
     </span>
     <span class='ocr_line' id='line_1_39' title="bbox 160 3624 2179 3733; baseline 0 -44"><span class='ocrx_word' id='word_1_518' title='bbox 160 3626 249 3689; x_wconf 88' lang='lat' dir='ltr'><strong>bona</strong></span> <span class='ocrx_word' id='word_1_519' title='bbox 279 3627 469 3711; x_wconf 83' lang='lat' dir='ltr'><strong>gubernare</strong></span> <span class='ocrx_word' id='word_1_520' title='bbox 498 3638 532 3690; x_wconf 95' lang='lat' dir='ltr'><strong>et</strong></span> <span class='ocrx_word' id='word_1_521' title='bbox 560 3626 736 3704; x_wconf 92' lang='lat' dir='ltr'><strong>adiuvare,</strong></span> <span class='ocrx_word' id='word_1_522' title='bbox 768 3644 807 3690; x_wconf 89' lang='lat' dir='ltr'><strong>se</strong></span> <span class='ocrx_word' id='word_1_523' title='bbox 828 3637 1038 3733; x_wconf 62' lang='lat' dir='ltr'><strong>prpeseutem</strong></span> <span class='ocrx_word' id='word_1_524' title='bbox 1066 3645 1145 3689; x_wconf 86' lang='lat' dir='ltr'><strong>esse</strong></span> <span class='ocrx_word' id='word_1_525' title='bbox 1197 3628 1264 3689; x_wconf 90' lang='lat' dir='ltr'><strong>ceri</strong></span> <span class='ocrx_word' id='word_1_526' title='bbox 1287 3625 1400 3690; x_wconf 87' lang='lat' dir='ltr'><strong>Fidem</strong></span> <span class='ocrx_word' id='word_1_527' title='bbox 1428 3627 1469 3690; x_wconf 92' lang='lat' dir='ltr'><strong>de</strong></span> <span class='ocrx_word' id='word_1_528' title='bbox 1499 3626 1722 3708; x_wconf 89' lang='lat' dir='ltr'><strong>providentia,</strong></span> <span class='ocrx_word' id='word_1_529' title='bbox 1745 3625 1833 3710; x_wconf 89' lang='lat' dir='ltr'><strong>quod</strong></span> <span class='ocrx_word' id='word_1_530' title='bbox 1858 3637 1891 3688; x_wconf 88' lang='lat' dir='ltr'><strong>et</strong></span> <span class='ocrx_word' id='word_1_531' title='bbox 1913 3638 2026 3690; x_wconf 89' lang='lat' dir='ltr'><strong>creata</strong></span> <span class='ocrx_word' id='word_1_532' title='bbox 2048 3624 2114 3688; x_wconf 88' lang='lat' dir='ltr'><strong>sint</strong></span> <span class='ocrx_word' id='word_1_533' title='bbox 2135 3626 2179 3689; x_wconf 91' lang='lat' dir='ltr'><strong>ab</strong></span> 
     </span>
     <span class='ocr_line' id='line_1_40' title="bbox 160 3708 2179 3797; baseline -0 -22"><span class='ocrx_word' id='word_1_534' title='bbox 160 3710 194 3775; x_wconf 90' lang='lat' dir='ltr'><strong>in</strong></span> <span class='ocrx_word' id='word_1_535' title='bbox 216 3708 274 3775; x_wconf 92' lang='lat' dir='ltr'><strong>illa</strong></span> <span class='ocrx_word' id='word_1_536' title='bbox 296 3712 497 3777; x_wconf 89' lang='lat' dir='ltr'><strong>obedientia.</strong></span> <span class='ocrx_word' id='word_1_537' title='bbox 688 3730 706 3767; x_wconf 71' lang='lat'><strong>¹</strong></span> <span class='ocrx_word' id='word_1_538' title='bbox 733 3730 736 3737; x_wconf 86' lang='grc'><strong><em>’</em></strong></span> <span class='ocrx_word' id='word_1_539' title='bbox 1195 3713 1270 3795; x_wconf 88' lang='lat' dir='ltr'><strong>ipso</strong></span> <span class='ocrx_word' id='word_1_540' title='bbox 1293 3714 1381 3777; x_wconf 90' lang='lat' dir='ltr'><strong>bona</strong></span> <span class='ocrx_word' id='word_1_541' title='bbox 1403 3710 1609 3797; x_wconf 74' lang='lat' dir='ltr'><strong>corporaHa,</strong></span> <span class='ocrx_word' id='word_1_542' title='bbox 1632 3723 1665 3776; x_wconf 89' lang='lat' dir='ltr'><strong>et</strong></span> <span class='ocrx_word' id='word_1_543' title='bbox 1693 3713 1933 3775; x_wconf 85' lang='lat' dir='ltr'><strong>distribuantur</strong></span> <span class='ocrx_word' id='word_1_544' title='bbox 1963 3712 2068 3795; x_wconf 83' lang='lat' dir='ltr'><strong>ipsius</strong></span> <span class='ocrx_word' id='word_1_545' title='bbox 2098 3730 2179 3774; x_wconf 88' lang='lat' dir='ltr'><strong>con·</strong></span> 
     </span>
     <span class='ocr_line' id='line_1_41' title="bbox 355 3795 2179 3877; baseline 0.002 -19"><span class='ocrx_word' id='word_1_546' title='bbox 355 3847 360 3858; x_wconf 89' lang='lat'><strong>.</strong></span> <span class='ocrx_word' id='word_1_547' title='bbox 1196 3795 1294 3877; x_wconf 89' lang='lat' dir='ltr'><strong>silio,</strong></span> <span class='ocrx_word' id='word_1_548' title='bbox 1335 3800 1428 3864; x_wconf 69' lang='lat' dir='ltr'><strong>iusta</strong></span> <span class='ocrx_word' id='word_1_549' title='bbox 1466 3800 1605 3864; x_wconf 73' lang='lat' dir='ltr'><strong>dictumt</strong></span> <span class='ocrx_word' id='word_1_550' title='bbox 1651 3796 1844 3862; x_wconf 85' lang='lat' dir='ltr'><strong>Benedictio</strong></span> <span class='ocrx_word' id='word_1_551' title='bbox 1884 3795 2020 3862; x_wconf 84' lang='lat' dir='ltr'><strong>Domini</strong></span> <span class='ocrx_word' id='word_1_552' title='bbox 2057 3797 2179 3862; x_wconf 82' lang='lat' dir='ltr'><strong>divites</strong></span> 
     </span>
    </p>

    <p class='ocr_par' dir='ltr' id='par_1_5' title="bbox 159 3878 2219 5177">
     <span class='ocr_line' id='line_1_42' title="bbox 246 3878 1285 3967; baseline 0.001 -22"><span class='ocrx_word' id='word_1_553' title='bbox 246 3878 376 3945; x_wconf 89' lang='lat' dir='ltr'><strong>Deinde</strong></span> <span class='ocrx_word' id='word_1_554' title='bbox 387 3884 529 3946; x_wconf 90' lang='lat' dir='ltr'><strong>addatur</strong></span> <span class='ocrx_word' id='word_1_555' title='bbox 546 3883 698 3948; x_wconf 90' lang='lat' dir='ltr'><strong>doctrina</strong></span> <span class='ocrx_word' id='word_1_556' title='bbox 715 3883 757 3947; x_wconf 87' lang='lat' dir='ltr'><strong>de</strong></span> <span class='ocrx_word' id='word_1_557' title='bbox 772 3883 939 3967; x_wconf 88' lang='lat' dir='ltr'><strong>praemiis,</strong></span> <span class='ocrx_word' id='word_1_558' title='bbox 961 3883 1018 3946; x_wconf 90' lang='lat' dir='ltr'><strong>ubi</strong></span> <span class='ocrx_word' id='word_1_559' title='bbox 1036 3882 1144 3947; x_wconf 87' lang='lat' dir='ltr'><strong>scicn-</strong></span> <span class='ocrx_word' id='word_1_560' title='bbox 1195 3881 1285 3948; x_wconf 84' lang='lat' dir='ltr'><strong>iacit.</strong></span> 
     </span>
     <span class='ocr_line' id='line_1_43' title="bbox 160 3965 1144 4051; baseline 0.002 -20"><span class='ocrx_word' id='word_1_561' title='bbox 160 3968 238 4032; x_wconf 88' lang='lat' dir='ltr'><strong>dum</strong></span> <span class='ocrx_word' id='word_1_562' title='bbox 260 3978 313 4031; x_wconf 90' lang='lat' dir='ltr'><strong>est</strong></span> <span class='ocrx_word' id='word_1_563' title='bbox 335 3965 482 4050; x_wconf 90' lang='lat' dir='ltr'><strong>duplices</strong></span> <span class='ocrx_word' id='word_1_564' title='bbox 504 3989 584 4033; x_wconf 88' lang='lat' dir='ltr'><strong>csse</strong></span> <span class='ocrx_word' id='word_1_565' title='bbox 608 3970 878 4051; x_wconf 76' lang='lat' dir='ltr'><strong>promissiones·</strong></span> <span class='ocrx_word' id='word_1_566' title='bbox 903 3967 1014 4032; x_wconf 87' lang='lat' dir='ltr'><strong>Prima</strong></span> <span class='ocrx_word' id='word_1_567' title='bbox 1036 3967 1144 4033; x_wconf 89' lang='lat' dir='ltr'><strong>Evan-</strong></span> 
     </span>
     <span class='ocr_line' id='line_1_44' title="bbox 160 4051 2179 4139; baseline 0.001 -23"><span class='ocrx_word' id='word_1_568' title='bbox 160 4051 238 4139; x_wconf 86' lang='lat' dir='ltr'><strong>gelii</strong></span> <span class='ocrx_word' id='word_1_569' title='bbox 271 4065 325 4118; x_wconf 89' lang='lat' dir='ltr'><strong>cst</strong></span> <span class='ocrx_word' id='word_1_570' title='bbox 350 4055 486 4137; x_wconf 88' lang='lat' dir='ltr'><strong>propria</strong></span> <span class='ocrx_word' id='word_1_571' title='bbox 519 4067 553 4118; x_wconf 88' lang='lat' dir='ltr'><strong>et</strong></span> <span class='ocrx_word' id='word_1_572' title='bbox 609 4056 736 4117; x_wconf 87' lang='lat' dir='ltr'><strong>ratuita.</strong></span> <span class='ocrx_word' id='word_1_573' title='bbox 765 4053 898 4119; x_wconf 28' lang='lat' dir='ltr'><strong>*Altera</strong></span> <span class='ocrx_word' id='word_1_574' title='bbox 920 4065 972 4118; x_wconf 88' lang='lat' dir='ltr'><strong>est</strong></span> <span class='ocrx_word' id='word_1_575' title='bbox 993 4074 1144 4137; x_wconf 89' lang='lat' dir='ltr'><strong>operum,</strong></span> <span class='ocrx_word' id='word_1_576' title='bbox 1282 4055 1437 4119; x_wconf 86' lang='lat' dir='ltr'><strong>Secunda</strong></span> <span class='ocrx_word' id='word_1_577' title='bbox 1475 4073 1579 4120; x_wconf 88' lang='lat' dir='ltr'><strong>causa</strong></span> <span class='ocrx_word' id='word_1_578' title='bbox 1612 4064 1681 4135; x_wconf 95' lang='grc' dir='ltr'>εει,</span> <span class='ocrx_word' id='word_1_579' title='bbox 1718 4052 1798 4120; x_wconf 91' lang='lat' dir='ltr'><strong>Vult</strong></span> <span class='ocrx_word' id='word_1_580' title='bbox 1835 4055 1898 4120; x_wconf 90' lang='lat' dir='ltr'><strong>bas</strong></span> <span class='ocrx_word' id='word_1_581' title='bbox 1936 4053 2179 4139; x_wconf 81' lang='lat' dir='ltr'><strong>promissiones</strong></span> 
     </span>
     <span class='ocr_line' id='line_1_45' title="bbox 160 4077 2180 4227; baseline 0 -25"><span class='ocrx_word' id='word_1_582' title='bbox 160 4160 247 4226; x_wconf 86' lang='lat' dir='ltr'><strong>qrraa</strong></span> <span class='ocrx_word' id='word_1_583' title='bbox 269 4151 381 4224; x_wconf 89' lang='lat' dir='ltr'><strong>potest</strong></span> <span class='ocrx_word' id='word_1_584' title='bbox 405 4140 567 4203; x_wconf 88' lang='lat' dir='ltr'><strong>nominari</strong></span> <span class='ocrx_word' id='word_1_585' title='bbox 582 4077 732 4224; x_wconf 59' lang='lat' dir='ltr'><strong>Eegalis.</strong></span> <span class='ocrx_word' id='word_1_586' title='bbox 767 4139 950 4205; x_wconf 83' lang='lat' dir='ltr'><strong>l’romissio</strong></span> <span class='ocrx_word' id='word_1_587' title='bbox 970 4139 1144 4227; x_wconf 84' lang='lat' dir='ltr'><strong>Evangelii</strong></span> <span class='ocrx_word' id='word_1_588' title='bbox 1194 4141 1417 4226; x_wconf 84' lang='lat' dir='ltr'><strong>praesentium</strong></span> <span class='ocrx_word' id='word_1_589' title='bbox 1441 4142 1603 4206; x_wconf 88' lang='lat' dir='ltr'><strong>bonorum</strong></span> <span class='ocrx_word' id='word_1_590' title='bbox 1626 4143 1815 4206; x_wconf 90' lang='lat' dir='ltr'><strong>testimonia</strong></span> <span class='ocrx_word' id='word_1_591' title='bbox 1837 4161 1926 4218; x_wconf 84' lang='lat' dir='ltr'><strong>esse,</strong></span> <span class='ocrx_word' id='word_1_592' title='bbox 1949 4140 2038 4225; x_wconf 87' lang='lat' dir='ltr'><strong>quod</strong></span> <span class='ocrx_word' id='word_1_593' title='bbox 2061 4141 2094 4202; x_wconf 89' lang='lat' dir='ltr'><strong>iu</strong></span> <span class='ocrx_word' id='word_1_594' title='bbox 2111 4139 2180 4206; x_wconf 88' lang='lat' dir='ltr'><strong>hac</strong></span> 
     </span>
     <span class='ocr_line' id='line_1_46' title="bbox 159 4224 2179 4311; baseline 0 -23"><span class='ocrx_word' id='word_1_595' title='bbox 159 4227 308 4311; x_wconf 89' lang='lat' dir='ltr'><strong>propria,</strong></span> <span class='ocrx_word' id='word_1_596' title='bbox 331 4236 384 4289; x_wconf 92' lang='lat' dir='ltr'><strong>est</strong></span> <span class='ocrx_word' id='word_1_597' title='bbox 405 4227 585 4310; x_wconf 87' lang='lat' dir='ltr'><strong>promissio</strong></span> <span class='ocrx_word' id='word_1_598' title='bbox 608 4227 752 4311; x_wconf 86' lang='lat' dir='ltr'><strong>gratiae,</strong></span> <span class='ocrx_word' id='word_1_599' title='bbox 781 4227 814 4290; x_wconf 93' lang='lat' dir='ltr'><strong>id</strong></span> <span class='ocrx_word' id='word_1_600' title='bbox 837 4239 907 4305; x_wconf 88' lang='lat' dir='ltr'><strong>est,</strong></span> <span class='ocrx_word' id='word_1_601' title='bbox 937 4229 1143 4292; x_wconf 86' lang='lat' dir='ltr'><strong>remissionis</strong></span> <span class='ocrx_word' id='word_1_602' title='bbox 1195 4228 1262 4291; x_wconf 90' lang='lat' dir='ltr'><strong>vita</strong></span> <span class='ocrx_word' id='word_1_603' title='bbox 1284 4224 1473 4292; x_wconf 87' lang='lat' dir='ltr'><strong>Ecclesiam</strong></span> <span class='ocrx_word' id='word_1_604' title='bbox 1496 4242 1692 4292; x_wconf 88' lang='lat' dir='ltr'><strong>servaturus</strong></span> <span class='ocrx_word' id='word_1_605' title='bbox 1715 4228 1769 4292; x_wconf 90' lang='lat' dir='ltr'><strong>sit.</strong></span> <span class='ocrx_word' id='word_1_606' title='bbox 1812 4226 1891 4291; x_wconf 90' lang='lat' dir='ltr'><strong>ldeo</strong></span> <span class='ocrx_word' id='word_1_607' title='bbox 1909 4224 2033 4292; x_wconf 89' lang='lat' dir='ltr'><strong>Paulus</strong></span> <span class='ocrx_word' id='word_1_608' title='bbox 2056 4226 2179 4311; x_wconf 79' lang='lat' dir='ltr'><strong>inquit:</strong></span> 
     </span>
     <span class='ocr_line' id='line_1_47' title="bbox 183 4309 2180 4399; baseline -0.001 -22"><span class='ocrx_word' id='word_1_609' title='bbox 183 4323 392 4390; x_wconf 88' lang='lat' dir='ltr'><strong>eccatorum,</strong></span> <span class='ocrx_word' id='word_1_610' title='bbox 426 4309 725 4390; x_wconf 87' lang='lat' dir='ltr'><strong>reconciliationis,</strong></span> <span class='ocrx_word' id='word_1_611' title='bbox 754 4312 986 4378; x_wconf 79' lang='lat' dir='ltr'><strong>vivificationis</strong></span> <span class='ocrx_word' id='word_1_612' title='bbox 1009 4333 1070 4399; x_wconf 89' lang='lat' dir='ltr'><strong>per</strong></span> <span class='ocrx_word' id='word_1_613' title='bbox 1093 4313 1144 4383; x_wconf 53' lang='lat' dir='ltr'><strong>Fr,</strong></span> <span class='ocrx_word' id='word_1_614' title='bbox 1195 4311 1307 4379; x_wconf 85' lang='lat' dir='ltr'><strong>Pietas</strong></span> <span class='ocrx_word' id='word_1_615' title='bbox 1341 4312 1443 4377; x_wconf 85' lang='lat' dir='ltr'><strong>habet</strong></span> <span class='ocrx_word' id='word_1_616' title='bbox 1471 4315 1725 4397; x_wconf 85' lang='lat' dir='ltr'><strong>promissionem</strong></span> <span class='ocrx_word' id='word_1_617' title='bbox 1760 4315 1946 4396; x_wconf 85' lang='lat' dir='ltr'><strong>praesentis</strong></span> <span class='ocrx_word' id='word_1_618' title='bbox 1980 4322 2015 4377; x_wconf 89' lang='lat' dir='ltr'><strong>et</strong></span> <span class='ocrx_word' id='word_1_619' title='bbox 2046 4309 2180 4379; x_wconf 80' lang='lat' dir='ltr'><strong>suturae</strong></span> 
     </span>
     <span class='ocr_line' id='line_1_48' title="bbox 159 4333 2182 4484; baseline 0 -23"><span class='ocrx_word' id='word_1_620' title='bbox 159 4333 240 4461; x_wconf 77' lang='lat' dir='ltr'><strong>llum</strong></span> <span class='ocrx_word' id='word_1_621' title='bbox 263 4410 295 4462; x_wconf 91' lang='lat' dir='ltr'><strong>et</strong></span> <span class='ocrx_word' id='word_1_622' title='bbox 314 4398 470 4483; x_wconf 91' lang='lat' dir='ltr'><strong>Spiritum</strong></span> <span class='ocrx_word' id='word_1_623' title='bbox 494 4409 658 4475; x_wconf 90' lang='lat' dir='ltr'><strong>sanctum,</strong></span> <span class='ocrx_word' id='word_1_624' title='bbox 680 4409 714 4462; x_wconf 86' lang='grc' dir='ltr'><strong>ει</strong></span> <span class='ocrx_word' id='word_1_625' title='bbox 727 4401 814 4463; x_wconf 89' lang='lat' dir='ltr'><strong>vitae</strong></span> <span class='ocrx_word' id='word_1_626' title='bbox 832 4413 989 4464; x_wconf 88' lang='lat' dir='ltr'><strong>aeternae</strong></span> <span class='ocrx_word' id='word_1_627' title='bbox 1008 4415 1145 4484; x_wconf 93' lang='lat' dir='ltr'><strong>propter</strong></span> <span class='ocrx_word' id='word_1_628' title='bbox 1195 4401 1301 4478; x_wconf 89' lang='lat' dir='ltr'><strong>vitae,</strong></span> <span class='ocrx_word' id='word_1_629' title='bbox 1336 4413 1369 4464; x_wconf 89' lang='lat' dir='ltr'><strong>et</strong></span> <span class='ocrx_word' id='word_1_630' title='bbox 1396 4396 1561 4464; x_wconf 88' lang='lat' dir='ltr'><strong>Dominus</strong></span> <span class='ocrx_word' id='word_1_631' title='bbox 1591 4402 1712 4484; x_wconf 88' lang='lat' dir='ltr'><strong>inquit:</strong></span> <span class='ocrx_word' id='word_1_632' title='bbox 1748 4401 1818 4464; x_wconf 89' lang='lat' dir='ltr'><strong>Scit</strong></span> <span class='ocrx_word' id='word_1_633' title='bbox 1840 4399 1940 4464; x_wconf 77' lang='lat' dir='ltr'><strong>l‘atcr</strong></span> <span class='ocrx_word' id='word_1_634' title='bbox 1966 4407 2080 4469; x_wconf 81' lang='lat' dir='ltr'><strong>vester</strong></span> <span class='ocrx_word' id='word_1_635' title='bbox 2103 4418 2182 4462; x_wconf 87' lang='lat' dir='ltr'><strong>coe·</strong></span> 
     </span>
     <span class='ocr_line' id='line_1_49' title="bbox 159 4478 2180 4571; baseline 0 -23"><span class='ocrx_word' id='word_1_636' title='bbox 159 4481 379 4548; x_wconf 85' lang='lat' dir='ltr'><strong>lllediatorem</strong></span> <span class='ocrx_word' id='word_1_637' title='bbox 403 4485 589 4548; x_wconf 88' lang='lat' dir='ltr'><strong>donandae.</strong></span> <span class='ocrx_word' id='word_1_638' title='bbox 624 4483 716 4550; x_wconf 89' lang='lat' dir='ltr'><strong>llaec</strong></span> <span class='ocrx_word' id='word_1_639' title='bbox 740 4496 773 4549; x_wconf 89' lang='lat' dir='ltr'><strong>et</strong></span> <span class='ocrx_word' id='word_1_640' title='bbox 793 4487 972 4568; x_wconf 88' lang='lat' dir='ltr'><strong>praecipua</strong></span> <span class='ocrx_word' id='word_1_641' title='bbox 988 4496 1021 4548; x_wconf 92' lang='lat' dir='ltr'><strong>et</strong></span> <span class='ocrx_word' id='word_1_642' title='bbox 1040 4486 1144 4570; x_wconf 91' lang='lat' dir='ltr'><strong>prima</strong></span> <span class='ocrx_word' id='word_1_643' title='bbox 1195 4484 1312 4564; x_wconf 89' lang='lat' dir='ltr'><strong>lestis,</strong></span> <span class='ocrx_word' id='word_1_644' title='bbox 1347 4486 1436 4570; x_wconf 89' lang='lat' dir='ltr'><strong>quod</strong></span> <span class='ocrx_word' id='word_1_645' title='bbox 1458 4486 1555 4550; x_wconf 89' lang='lat' dir='ltr'><strong>vobis</strong></span> <span class='ocrx_word' id='word_1_646' title='bbox 1583 4487 1638 4550; x_wconf 89' lang='lat' dir='ltr'><strong>his</strong></span> <span class='ocrx_word' id='word_1_647' title='bbox 1662 4488 1762 4551; x_wconf 88' lang='lat' dir='ltr'><strong>rebus</strong></span> <span class='ocrx_word' id='word_1_648' title='bbox 1787 4507 1872 4571; x_wconf 89' lang='lat' dir='ltr'><strong>opus</strong></span> <span class='ocrx_word' id='word_1_649' title='bbox 1895 4486 1946 4551; x_wconf 88' lang='lat' dir='ltr'><strong>sit.</strong></span> <span class='ocrx_word' id='word_1_650' title='bbox 1991 4483 2083 4560; x_wconf 80' lang='lat' dir='ltr'><strong>trem,</strong></span> <span class='ocrx_word' id='word_1_651' title='bbox 2107 4478 2180 4548; x_wconf 73' lang='lat' dir='ltr'><strong>Pli-</strong></span> 
     </span>
     <span class='ocr_line' id='line_1_50' title="bbox 160 4569 2181 4658; baseline 0.003 -28"><span class='ocrx_word' id='word_1_652' title='bbox 160 4570 339 4654; x_wconf 79' lang='lat' dir='ltr'><strong>promissio</strong></span> <span class='ocrx_word' id='word_1_653' title='bbox 363 4583 431 4646; x_wconf 90' lang='lat' dir='ltr'><strong>est,</strong></span> <span class='ocrx_word' id='word_1_654' title='bbox 455 4570 532 4636; x_wconf 91' lang='lat' dir='ltr'><strong>ldeo</strong></span> <span class='ocrx_word' id='word_1_655' title='bbox 556 4572 642 4635; x_wconf 91' lang='lat' dir='ltr'><strong>enim</strong></span> <span class='ocrx_word' id='word_1_656' title='bbox 660 4574 748 4637; x_wconf 91' lang='lat' dir='ltr'><strong>misit</strong></span> <span class='ocrx_word' id='word_1_657' title='bbox 769 4569 864 4635; x_wconf 93' lang='lat' dir='ltr'><strong>Deus</strong></span> <span class='ocrx_word' id='word_1_658' title='bbox 886 4569 1020 4649; x_wconf 80' lang='lat' dir='ltr'><strong>Filium,</strong></span> <span class='ocrx_word' id='word_1_659' title='bbox 1041 4583 1079 4634; x_wconf 95' lang='lat' dir='ltr'><strong>ut</strong></span> <span class='ocrx_word' id='word_1_660' title='bbox 1099 4573 1142 4634; x_wconf 90' lang='lat' dir='ltr'><strong>ab</strong></span> <span class='ocrx_word' id='word_1_661' title='bbox 1195 4592 1282 4635; x_wconf 93' lang='lat' dir='ltr'><strong>mum</strong></span> <span class='ocrx_word' id='word_1_662' title='bbox 1312 4574 1462 4655; x_wconf 87' lang='lat' dir='ltr'><strong>quaerite</strong></span> <span class='ocrx_word' id='word_1_663' title='bbox 1485 4593 1623 4658; x_wconf 88' lang='lat' dir='ltr'><strong>regnum</strong></span> <span class='ocrx_word' id='word_1_664' title='bbox 1647 4570 1727 4651; x_wconf 92' lang='lat' dir='ltr'><strong>Dei,</strong></span> <span class='ocrx_word' id='word_1_665' title='bbox 1762 4584 1796 4636; x_wconf 90' lang='lat' dir='ltr'><strong>et</strong></span> <span class='ocrx_word' id='word_1_666' title='bbox 1823 4582 1957 4638; x_wconf 91' lang='lat' dir='ltr'><strong>caetera</strong></span> <span class='ocrx_word' id='word_1_667' title='bbox 1982 4570 2181 4635; x_wconf 85' lang='lat' dir='ltr'><strong>adlicientur</strong></span> 
     </span>
     <span class='ocr_line' id='line_1_51' title="bbox 160 4653 2181 4742; baseline 0.002 -24"><span class='ocrx_word' id='word_1_668' title='bbox 160 4655 305 4718; x_wconf 87' lang='lat' dir='ltr'><strong>aeternis</strong></span> <span class='ocrx_word' id='word_1_669' title='bbox 327 4653 423 4719; x_wconf 88' lang='lat' dir='ltr'><strong>malis</strong></span> <span class='ocrx_word' id='word_1_670' title='bbox 446 4677 510 4720; x_wconf 90' lang='lat' dir='ltr'><strong>nos</strong></span> <span class='ocrx_word' id='word_1_671' title='bbox 532 4655 651 4721; x_wconf 87' lang='lat' dir='ltr'><strong>liberet</strong></span> <span class='ocrx_word' id='word_1_672' title='bbox 673 4670 705 4723; x_wconf 90' lang='lat' dir='ltr'><strong>et</strong></span> <span class='ocrx_word' id='word_1_673' title='bbox 722 4658 875 4722; x_wconf 87' lang='lat' dir='ltr'><strong>restituat</strong></span> <span class='ocrx_word' id='word_1_674' title='bbox 887 4671 1024 4723; x_wconf 88' lang='lat' dir='ltr'><strong>aeterna</strong></span> <span class='ocrx_word' id='word_1_675' title='bbox 1044 4659 1142 4721; x_wconf 89' lang='lat' dir='ltr'><strong>bona.</strong></span> <span class='ocrx_word' id='word_1_676' title='bbox 1195 4659 1302 4721; x_wconf 91' lang='lat' dir='ltr'><strong>vobis.</strong></span> <span class='ocrx_word' id='word_1_677' title='bbox 1340 4656 1379 4720; x_wconf 88' lang='lat' dir='ltr'><strong>Et</strong></span> <span class='ocrx_word' id='word_1_678' title='bbox 1400 4656 1545 4722; x_wconf 82' lang='lat' dir='ltr'><strong>Esa.3ll.</strong></span> <span class='ocrx_word' id='word_1_679' title='bbox 1569 4657 1671 4723; x_wconf 90' lang='lat' dir='ltr'><strong>Dabit</strong></span> <span class='ocrx_word' id='word_1_680' title='bbox 1682 4657 1845 4725; x_wconf 86' lang='lat' dir='ltr'><strong>Dominus</strong></span> <span class='ocrx_word' id='word_1_681' title='bbox 1867 4678 1987 4742; x_wconf 91' lang='lat' dir='ltr'><strong>panem</strong></span> <span class='ocrx_word' id='word_1_682' title='bbox 2010 4667 2044 4719; x_wconf 90' lang='lat' dir='ltr'><strong>et</strong></span> <span class='ocrx_word' id='word_1_683' title='bbox 2058 4676 2181 4741; x_wconf 81' lang='lat' dir='ltr'><strong>aquam</strong></span> 
     </span>
     <span class='ocr_line' id='line_1_52' title="bbox 160 4710 2135 4827; baseline 0.001 -23"><span class='ocrx_word' id='word_1_684' title='bbox 160 4739 214 4805; x_wconf 86' lang='lat' dir='ltr'><strong>Ac</strong></span> <span class='ocrx_word' id='word_1_685' title='bbox 243 4753 336 4807; x_wconf 89' lang='lat' dir='ltr'><strong>certo</strong></span> <span class='ocrx_word' id='word_1_686' title='bbox 359 4743 501 4807; x_wconf 86' lang='lat' dir='ltr'><strong>tenenda</strong></span> <span class='ocrx_word' id='word_1_687' title='bbox 529 4756 582 4808; x_wconf 84' lang='lat' dir='ltr'><strong>est</strong></span> <span class='ocrx_word' id='word_1_688' title='bbox 604 4742 688 4808; x_wconf 87' lang='lat' dir='ltr'><strong>baec</strong></span> <span class='ocrx_word' id='word_1_689' title='bbox 716 4741 922 4822; x_wconf 84' lang='lat' dir='ltr'><strong>consolatio,</strong></span> <span class='ocrx_word' id='word_1_690' title='bbox 951 4745 1040 4809; x_wconf 91' lang='lat' dir='ltr'><strong>hauc</strong></span> <span class='ocrx_word' id='word_1_691' title='bbox 1067 4765 1143 4827; x_wconf 90' lang='lat' dir='ltr'><strong>pro·</strong></span> <span class='ocrx_word' id='word_1_692' title='bbox 1166 4710 1171 4795; x_wconf 79' lang='grc' dir='ltr'>Ι</span> <span class='ocrx_word' id='word_1_693' title='bbox 1195 4764 1271 4809; x_wconf 88' lang='lat' dir='ltr'><strong>cnm</strong></span> <span class='ocrx_word' id='word_1_694' title='bbox 1292 4741 1515 4825; x_wconf 88' lang='lat' dir='ltr'><strong>tribulatione,</strong></span> <span class='ocrx_word' id='word_1_695' title='bbox 1538 4755 1572 4809; x_wconf 91' lang='lat' dir='ltr'><strong>et</strong></span> <span class='ocrx_word' id='word_1_696' title='bbox 1592 4766 1659 4812; x_wconf 90' lang='lat' dir='ltr'><strong>non</strong></span> <span class='ocrx_word' id='word_1_697' title='bbox 1682 4747 1770 4811; x_wconf 89' lang='lat' dir='ltr'><strong>sinet</strong></span> <span class='ocrx_word' id='word_1_698' title='bbox 1790 4742 1929 4811; x_wconf 88' lang='lat' dir='ltr'><strong>avolare</strong></span> <span class='ocrx_word' id='word_1_699' title='bbox 1951 4744 2135 4808; x_wconf 88' lang='lat' dir='ltr'><strong>doctorem.</strong></span> 
     </span>
     <span class='ocr_line' id='line_1_53' title="bbox 160 4828 1144 4914; baseline 0.005 -24"><span class='ocrx_word' id='word_1_700' title='bbox 160 4828 353 4891; x_wconf 84' lang='lat' dir='ltr'><strong>missionem</strong></span> <span class='ocrx_word' id='word_1_701' title='bbox 376 4841 407 4892; x_wconf 93' lang='lat' dir='ltr'><strong>et</strong></span> <span class='ocrx_word' id='word_1_702' title='bbox 431 4833 606 4914; x_wconf 86' lang='lat' dir='ltr'><strong>gratuitam</strong></span> <span class='ocrx_word' id='word_1_703' title='bbox 630 4850 720 4909; x_wconf 90' lang='lat' dir='ltr'><strong>csse,</strong></span> <span class='ocrx_word' id='word_1_704' title='bbox 743 4842 775 4894; x_wconf 91' lang='lat' dir='ltr'><strong>et</strong></span> <span class='ocrx_word' id='word_1_705' title='bbox 796 4850 930 4913; x_wconf 87' lang='lat' dir='ltr'><strong>semper</strong></span> <span class='ocrx_word' id='word_1_706' title='bbox 950 4841 1144 4895; x_wconf 87' lang='lat' dir='ltr'><strong>ratamesse</strong></span> 
     </span>
     <span class='ocr_line' id='line_1_54' title="bbox 160 4910 2219 5001; baseline 0.002 -26"><span class='ocrx_word' id='word_1_707' title='bbox 160 4910 201 4975; x_wconf 89' lang='lat' dir='ltr'><strong>iis</strong></span> <span class='ocrx_word' id='word_1_708' title='bbox 224 4913 279 4999; x_wconf 91' lang='lat' dir='ltr'><strong>qul</strong></span> <span class='ocrx_word' id='word_1_709' title='bbox 303 4925 540 4980; x_wconf 89' lang='lat' dir='ltr'><strong>convertuntur</strong></span> <span class='ocrx_word' id='word_1_710' title='bbox 561 4918 603 4981; x_wconf 91' lang='lat' dir='ltr'><strong>ad</strong></span> <span class='ocrx_word' id='word_1_711' title='bbox 616 4914 735 4996; x_wconf 90' lang='lat' dir='ltr'><strong>Deum,</strong></span> <span class='ocrx_word' id='word_1_712' title='bbox 757 4927 791 4981; x_wconf 89' lang='grc' dir='ltr'><strong>ει</strong></span> <span class='ocrx_word' id='word_1_713' title='bbox 808 4914 1005 5001; x_wconf 76' lang='lat' dir='ltr'><strong>confugiunt</strong></span> <span class='ocrx_word' id='word_1_714' title='bbox 1026 4918 1069 4979; x_wconf 89' lang='lat' dir='ltr'><strong>ad</strong></span> <span class='ocrx_word' id='word_1_715' title='bbox 1093 4917 1145 4979; x_wconf 89' lang='lat' dir='ltr'><strong>Fi·</strong></span> <span class='ocrx_word' id='word_1_716' title='bbox 1280 4914 1391 4982; x_wconf 85' lang='lat' dir='ltr'><strong>Tertia</strong></span> <span class='ocrx_word' id='word_1_717' title='bbox 1409 4937 1511 4982; x_wconf 90' lang='lat' dir='ltr'><strong>causa</strong></span> <span class='ocrx_word' id='word_1_718' title='bbox 1533 4928 1604 4996; x_wconf 90' lang='grc' dir='ltr'>εει,</span> <span class='ocrx_word' id='word_1_719' title='bbox 1632 4916 1717 4989; x_wconf 84' lang='lat' dir='ltr'><strong>Quia</strong></span> <span class='ocrx_word' id='word_1_720' title='bbox 1734 4914 1806 4982; x_wconf 88' lang='lat' dir='ltr'><strong>vult</strong></span> <span class='ocrx_word' id='word_1_721' title='bbox 1826 4915 1921 4981; x_wconf 90' lang='lat' dir='ltr'><strong>Dens</strong></span> <span class='ocrx_word' id='word_1_722' title='bbox 1943 4916 1975 4981; x_wconf 93' lang='lat' dir='ltr'><strong>in</strong></span> <span class='ocrx_word' id='word_1_723' title='bbox 1998 4913 2051 4979; x_wconf 88' lang='lat' dir='ltr'><strong>his</strong></span> <span class='ocrx_word' id='word_1_724' title='bbox 2080 4914 2180 4981; x_wconf 77' lang='lat' dir='ltr'><strong>bonis</strong></span> <span class='ocrx_word' id='word_1_725' title='bbox 2216 4965 2219 4968; x_wconf 86' lang='lat'>-</span> 
     </span>
     <span class='ocr_line' id='line_1_55' title="bbox 161 4994 2180 5089; baseline 0.002 -26"><span class='ocrx_word' id='word_1_726' title='bbox 161 4994 241 5064; x_wconf 92' lang='lat' dir='ltr'><strong>lium</strong></span> <span class='ocrx_word' id='word_1_727' title='bbox 263 4999 360 5079; x_wconf 86' lang='lat' dir='ltr'><strong>Fide,</strong></span> <span class='ocrx_word' id='word_1_728' title='bbox 388 5003 516 5066; x_wconf 90' lang='lat' dir='ltr'><strong>etiamsi</strong></span> <span class='ocrx_word' id='word_1_729' title='bbox 539 5003 718 5068; x_wconf 85' lang='lat' dir='ltr'><strong>arnitteuda</strong></span> <span class='ocrx_word' id='word_1_730' title='bbox 740 5004 807 5068; x_wconf 90' lang='lat' dir='ltr'><strong>siot</strong></span> <span class='ocrx_word' id='word_1_731' title='bbox 829 5007 939 5067; x_wconf 87' lang='lat' dir='ltr'><strong>omnia</strong></span> <span class='ocrx_word' id='word_1_732' title='bbox 962 5005 1049 5066; x_wconf 89' lang='lat' dir='ltr'><strong>bona</strong></span> <span class='ocrx_word' id='word_1_733' title='bbox 1071 5021 1144 5065; x_wconf 89' lang='lat' dir='ltr'><strong>cor·</strong></span> <span class='ocrx_word' id='word_1_734' title='bbox 1194 5004 1345 5086; x_wconf 90' lang='lat' dir='ltr'><strong>petendis</strong></span> <span class='ocrx_word' id='word_1_735' title='bbox 1368 5015 1402 5067; x_wconf 93' lang='lat' dir='ltr'><strong>et</strong></span> <span class='ocrx_word' id='word_1_736' title='bbox 1422 5005 1625 5089; x_wconf 87' lang='lat' dir='ltr'><strong>accipiendis</strong></span> <span class='ocrx_word' id='word_1_737' title='bbox 1653 5005 1801 5069; x_wconf 83' lang='lat' dir='ltr'><strong>exerceri</strong></span> <span class='ocrx_word' id='word_1_738' title='bbox 1825 5005 1958 5082; x_wconf 83' lang='lat' dir='ltr'><strong>Eidem,</strong></span> <span class='ocrx_word' id='word_1_739' title='bbox 1991 5001 2180 5067; x_wconf 89' lang='lat' dir='ltr'><strong>invocatio·</strong></span> 
     </span>
     <span class='ocr_line' id='line_1_56' title="bbox 161 5084 2180 5177; baseline 0.001 -24"><span class='ocrx_word' id='word_1_740' title='bbox 161 5086 268 5172; x_wconf 77' lang='lat' dir='ltr'><strong>pods,</strong></span> <span class='ocrx_word' id='word_1_741' title='bbox 288 5088 380 5154; x_wconf 86' lang='lat' dir='ltr'><strong>iaxta</strong></span> <span class='ocrx_word' id='word_1_742' title='bbox 402 5088 543 5155; x_wconf 75' lang='lat' dir='ltr'><strong>dictarat</strong></span> <span class='ocrx_word' id='word_1_743' title='bbox 565 5088 654 5155; x_wconf 87' lang='lat' dir='ltr'><strong>Vivo</strong></span> <span class='ocrx_word' id='word_1_744' title='bbox 676 5108 754 5176; x_wconf 82' lang='lat' dir='ltr'><strong>ego,</strong></span> <span class='ocrx_word' id='word_1_745' title='bbox 776 5090 855 5156; x_wconf 87' lang='lat' dir='ltr'><strong>dicit</strong></span> <span class='ocrx_word' id='word_1_746' title='bbox 863 5087 1042 5169; x_wconf 87' lang='lat' dir='ltr'><strong>Dominus,</strong></span> <span class='ocrx_word' id='word_1_747' title='bbox 1063 5084 1144 5155; x_wconf 89' lang='lat' dir='ltr'><strong>nolo</strong></span> <span class='ocrx_word' id='word_1_748' title='bbox 1193 5108 1288 5169; x_wconf 87' lang='lat' dir='ltr'><strong>nem,</strong></span> <span class='ocrx_word' id='word_1_749' title='bbox 1316 5103 1351 5157; x_wconf 89' lang='lat' dir='ltr'><strong>et</strong></span> <span class='ocrx_word' id='word_1_750' title='bbox 1373 5089 1563 5157; x_wconf 87' lang='lat' dir='ltr'><strong>Gratiarum</strong></span> <span class='ocrx_word' id='word_1_751' title='bbox 1581 5089 1758 5177; x_wconf 87' lang='lat' dir='ltr'><strong>actionem,</strong></span> <span class='ocrx_word' id='word_1_752' title='bbox 1775 5091 1867 5157; x_wconf 87' lang='lat' dir='ltr'><strong>iuxta</strong></span> <span class='ocrx_word' id='word_1_753' title='bbox 1889 5091 2028 5157; x_wconf 82' lang='lat' dir='ltr'><strong>dictam:</strong></span> <span class='ocrx_word' id='word_1_754' title='bbox 2052 5087 2180 5155; x_wconf 75' lang='lat' dir='ltr'><strong>invoca</strong></span> 
     </span>
    </p>
   </div>
   <div class='ocr_carea' id='block_1_4' title="bbox 0 0 2318 5588">
    <p class='ocr_par' dir='ltr' id='par_1_6' title="bbox 0 0 2318 5588">
     <span class='ocr_line' id='line_1_57' title="bbox 0 0 2318 5588; baseline 0 0"><span class='ocrx_word' id='word_1_755' title='bbox 0 0 2318 5588; x_wconf 95' lang='lat' dir='ltr'><strong> </strong></span> 
     </span>
    </p>
   </div>
  </div>
 </body>
</html>
