4628 5588
137 84 203 241 ior
489 102 491 107 ’
771 126 1528 204 ruu'nauscmrrauocnarrca

138 327 296 413 spiritum
320 334 470 390 sanetum
493 316 691 410 petentibus.
735 323 828 403 Item,
862 323 977 404 Orate,
1008 346 1052 390 ne
1072 326 1121 391 iu·

138 415 233 481 tretis
255 414 289 479 iu
311 413 537 479 tentationem.
565 508 568 513 Δ

224 583 373 651 Pertinet
395 584 437 648 ad
459 582 700 668 promissiones
722 578 833 646 auxilii
868 532 901 646 et
933 531 1022 645 haec?
1044 601 1121 645 sen·
1371 562 1375 571 ¹
1502 565 1555 631 ΠΙ·
1589 563 1823 640 QUAES'HO·

137 672 258 738 tentia:
292 671 388 736 Deus
422 682 476 734 est
508 670 562 754 qui
591 665 692 732 efficit
714 668 747 732 in
766 669 864 732 vobis
887 678 920 732 et
940 679 977 731 ut
999 664 1121 744 velitis,

139 769 172 825 at
194 772 231 822 at
252 757 444 844 perficiatis,
476 767 512 820 ut
540 751 651 839 aliqua
672 756 734 839 ipsi
757 765 854 841 grata
876 753 968 830 liant,
1001 755 1120 831 idest,
1272 757 1490 863 Quomodo
1520 762 1656 873 placet
1685 791 1794 845 nova
1824 761 2058 846 obedientia

38 892 44 908 .
137 845 234 910 Deus
268 866 334 910 non
372 839 477 906 voluit
508 843 619 925 perire
651 852 756 906 toturn
790 861 910 926 genus·
932 841 1119 910 humanum,

137 934 202 996 sed
223 933 312 995 misit
333 927 460 1008 Filium,
484 941 521 991 ut
543 929 585 991 sit
608 925 786 991 Redenrtor
808 939 842 990 et
864 922 1032 1003 Salvator,
1066 927 1121 988 de·
1555 899 1773 983 inchoata?

138 1019 185 1082 dit
207 1037 323 1081 vocem
342 1011 512 1100 Evangelii
534 1025 569 1077 et
586 1012 743 1095 Spiritum
767 1024 931 1091 sanctum,
954 1024 990 1076 ut
1011 1010 1121 1076 trabat
2152 1051 2158 1058 .

139 1115 174 1171 et
196 1114 368 1169 convertat
389 1101 554 1166 homines.
599 1099 692 1164 liaeo
725 1119 792 1164 non
821 1100 897 1163 ideo
926 1109 1052 1163 tantrun
1075 1095 1122 1161 fa·
1258 1094 1486 1162 Diversissimi
1520 1099 1647 1184 gradus
1673 1110 1752 1165 sunt
1777 1099 1957 1165 bominum.
2002 1095 2069 1164 Alii
2101 1118 2156 1165 se·

138 1191 196 1268 cit,
224 1201 260 1255 ut
286 1188 378 1252 initia
403 1187 632 1251 conversionis
656 1184 756 1249 liant:
789 1186 848 1251 sed
871 1197 907 1248 ut
930 1183 1121 1268 perficiatur
1172 1183 1241 1245 curi
1265 1185 1380 1247 vivunt
1401 1185 1434 1249 in
1457 1185 1642 1252 sceleribus
1665 1199 1783 1251 contra
1816 1186 2065 1265 conscientiam,
2099 1186 2157 1271 qui

136 1286 242 1341 totum
264 1273 463 1339 beneficium
484 1271 693 1349 salvationis,
714 1282 751 1336 ut
772 1269 954 1335 aedificans
973 1282 1121 1335 nontan-
1171 1265 1251 1331 nihil
1274 1283 1453 1356 anguntur,
1488 1294 1573 1337 cnm·
1595 1284 1702 1337 umen
1736 1274 1874 1337 audiant
1895 1272 1979 1338 haec
2001 1268 2156 1338 fulminat

136 1372 208 1428 tum
229 1363 318 1425 initia
341 1357 485 1436 molitur,
509 1359 568 1422 sed
593 1359 725 1422 domum
748 1356 819 1422 vult
834 1372 988 1422 extruere
1006 1368 1119 1421 totam.
1173 1354 1397 1436 scortatores,
1420 1357 1572 1437 adulteri,
1602 1355 1800 1438 homicidae,
1834 1380 1902 1424 non
1935 1359 2158 1443 possidebunt

136 1447 197 1515 Sic
229 1458 479 1531 argumentatur
500 1440 625 1507 Paulus
654 1465 674 1506 a
696 1445 858 1528 principio
891 1445 934 1509 ad
969 1442 1120 1506 beneficii
1172 1463 1309 1526 regnum
1329 1442 1403 1506 Dei.
1448 1445 1489 1510 Hi
1512 1447 1635 1525 sciunt,
1659 1458 1692 1511 et
1719 1443 1818 1511 lateri
1836 1459 2001 1532 coguntur
2022 1465 2061 1510 se
2088 1446 2156 1509 dis·

136 1530 388 1620 perlectionem,
412 1543 447 1596 ut
470 1527 665 1595 consoletur
676 1541 709 1594 et
727 1530 901 1594 coniinnet
923 1549 1000 1607 nos,
1023 1551 1065 1593 ne
1088 1530 1120 1591 iu
1173 1525 1298 1612 pluere
1319 1527 1407 1594 Deo.

136 1621 245 1684 medio
270 1639 370 1684 cursu
393 1615 489 1681 fracti
513 1617 736 1701 magnitudine
755 1638 894 1680 onerum
916 1615 1120 1693 deficiamus,
1433 1631 1442 1641 ‘

37 1714 47 1727 ⁵
136 1718 173 1771 ut
196 1706 409 1790 cogitandum
432 1701 492 1768 i‘uit
515 1703 625 1779 bloisi,
649 1701 782 1782 Davidi,
812 1716 845 1767 et
868 1703 1022 1766 omnibus
1045 1721 1121 1764 san·
1259 1697 1326 1764 Alii
1351 1700 1554 1787 Hypocritae
1576 1703 1725 1768 iactitant
1748 1723 1785 1768 se
1808 1700 1921 1768 i'acare
1943 1699 2069 1788 Legem
2090 1698 2158 1767 Dei

137 1793 210 1856 ctis.
259 1791 350 1855 Deus
373 1791 486 1854 eduxit
508 1801 541 1851 te
563 1791 595 1852 in
618 1787 706 1851 lianc
735 1787 855 1853 molem
884 1785 1120 1872 periculorum.
1174 1797 1206 1851 et
1225 1784 1445 1870 placereDeo
1470 1801 1607 1872 propter
1629 1800 1801 1853 externam
1825 1789 2044 1873 disciplinam,
2066 1789 2158 1853 sicut

29 1909 34 1921 ·
135 1874 254 1942 Voluit
274 1892 384 1941 autem
418 1898 485 1940 non
519 1886 645 1939 tantum
678 1875 769 1939 initia
803 1875 886 1953 fieti,
920 1876 981 1938 sed
1018 1871 1121 1938 multo
1174 1871 1375 1938 Pharisaeus
1404 1877 1493 1958 apud
1513 1875 1649 1940 Lucam.
1695 1876 1751 1940 Sic
1774 1875 1930 1960 Papistae
1952 1876 2082 1954 dicunt,
2104 1893 2156 1938 re-

136 1965 245 2050 magis
279 1965 396 2048 perfici
430 1959 603 2049 beneficia.
659 1959 762 2025 Addit
797 1963 908 2047 igitur,
941 1971 978 2024 ut
1008 1957 1122 2044 aliqua
1144 1985 1148 2072 Ι
1173 1974 1272 2023 natos
1305 1958 1503 2027 satisfacere
1535 1962 1618 2048 Legi
1651 1960 1733 2036 Dei,
1766 1975 1801 2028 et
1832 1981 1938 2047 posse
1970 1982 2050 2027 esse
2082 1963 2157 2026 sine

136 2049 200 2134 ipsi
234 2051 266 2112 in
301 2068 425 2133 genere
459 2049 603 2112 burnano
637 2059 731 2132 grata
767 2045 859 2125 fiant,
891 2047 985 2132 quasi
1018 2047 1120 2109 dieat:
1144 2082 1148 2109 ι
1172 2058 1323 2131 peccato.

137 2134 217 2199 ldeo
241 2133 369 2220 colligit
399 2146 566 2199 aeternam
590 2129 778 2198 Ecclesiam
800 2131 908 2208 Deus,
941 2153 984 2196 ne
1018 2116 1148 2196 torum*

138 2234 247 2306 genus
271 2219 449 2284 humanum
481 2230 607 2302 pereat,
639 2230 672 2282 et
704 2221 747 2281 sit
782 2217 889 2282 simile
911 2215 1065 2282 Diabolis
1089 2220 1120 2280 in
1259 2217 1390 2282 Tertius
1408 2220 1534 2303 gradus
1553 2229 1605 2283 est
1624 2239 1739 2284 eorum
1756 2221 1811 2305 qui
1835 2217 1990 2284 conversi
2012 2228 2090 2282 sunt
2110 2216 2157 2282 ad

136 2318 210 2373 tota
232 2308 429 2370 aeternitate
453 2303 652 2369 contumelia
674 2307 781 2388 ipsum
803 2301 1037 2381 allicientibus,
1060 2305 1122 2367 scd
1173 2301 1293 2382 Deum,
1323 2317 1358 2368 ct
1392 2303 1518 2369 habent
1550 2307 1640 2369 initia
1665 2307 1792 2371 timoris
1825 2318 1859 2370 et
1892 2304 1980 2382 ficet,
2013 2316 2046 2369 et
2080 2325 2157 2368 curn

137 2389 310 2457 vuitvesse
334 2390 478 2475 aliquos,
509 2392 565 2476 qui
587 2393 618 2455 ei
641 2392 672 2453 in
698 2391 761 2454 bac
784 2391 853 2455 vita
880 2401 1012 2472 etpost
1034 2389 1121 2454 hanc
1173 2393 1318 2454 sentiunt
1340 2390 1561 2455 infirmitatem
1588 2411 1696 2470 suam,
1727 2413 1825 2477 quam
1848 2389 1967 2477 frigida
1996 2392 2040 2454 sit
2061 2391 2155 2455 invo-

136 2479 238 2545 vitam
262 2491 358 2564 grata
380 2479 515 2554 iaciunt,
548 2478 604 2561 qui
637 2489 730 2543 recte
760 2478 802 2540 de
825 2478 898 2560 ipso
922 2477 1065 2541 sentiant
1088 2489 1121 2540 et
1174 2479 1272 2554 catio,
1302 2492 1399 2561 qutun
1422 2474 1545 2542 multae
1568 2492 1718 2543 errantes
1742 2478 1896 2543 flammae
1926 2477 2154 2560 cupiditatum,

64 2561 68 2566 ’
139 2565 294 2642 doceant,
316 2565 370 2648 qni
393 2565 552 2633 invocent
568 2585 654 2642 curri,
677 2574 709 2625 et
726 2565 846 2711 (pibus
864 2565 1011 2627 vicissim
1030 2583 1120 2640 sese,
1172 2576 1295 2647 quanta
1317 2564 1516 2649 ignorantia,
1539 2585 1635 2649 quam
1660 2561 1761 2628 multa
1784 2575 1893 2628 errata
1915 2563 2155 2640 invocatione,

137 2671 231 2717 suam
259 2652 462 2736 patientiam,
496 2651 651 2715 iustitiam
686 2662 718 2713 et
753 2651 897 2713 aetitiam
920 2650 952 2712 in
976 2661 1046 2713 tota
1067 2669 1121 2714 ae·
1173 2647 1415 2732 quammultae
1440 2650 1747 2735 praetermissiones
1773 2648 1888 2728 cilicii,
1911 2648 2009 2714 valde
2035 2669 2154 2713 excru-

137 2741 293 2802 teruitate
307 2738 547 2815 communicet,
571 2747 607 2800 ut
628 2737 697 2800 sint
718 2737 781 2820 ipsi
804 2733 1005 2801 conformes
1172 2736 1300 2801 cientur
1322 2749 1356 2799 et
1374 2737 1554 2819 disputant,
1576 2737 1630 2800 An
1654 2748 1687 2802 ct
1709 2738 1876 2823 quomodo
1898 2733 2054 2821 placeant
2065 2734 2154 2801 Deo.

181 2922 185 2931 “
224 2909 277 2974 Sic
309 2910 351 2973 ad
385 2906 651 2974 consolationem
685 2909 727 2972 de
759 2904 882 2972 auxilio
916 2908 1036 2970 tradita
1070 2914 1121 2971 cst
1257 2905 1319 2971 Hic
1341 2906 1497 2991 Papistae
1519 2907 1632 2973 delent
1652 2919 1755 2973 totam
1785 2908 1969 2973 doctrinam
2002 2908 2045 2972 dc
2077 2905 2155 2986 fide,

85 2988 89 2995 ’
135 2991 221 3059 haec
243 2996 406 3058 sententia
431 2992 535 3071 Pauli,
557 3015 620 3058 nec
644 3006 696 3058 est
718 2989 909 3078 affingeruia
925 2992 1122 3057 Manichaea
1143 3040 1147 3091 Ι
1172 3004 1205 3056 et
1227 2993 1350 3069 dicunt,
1373 3014 1505 3077 semper
1527 2996 1742 3059 dubitandum
1765 3015 1853 3059 esse.
1898 2993 1990 3058 llaec
2010 2994 2156 3058 bantana

137 3080 453 3147 velEnthusiastica
475 3081 678 3165 imaginatio,
702 3082 829 3143 otiosos
853 3092 886 3144 et
909 3077 1120 3163 indulgentes
1172 3091 1205 3143 et
1228 3078 1369 3143 Etbniea
1392 3081 1580 3163 inreginatio
1609 3093 1661 3145 est
1694 3082 1847 3145 doctrina
1880 3092 2068 3146 contemtus
2090 3077 2155 3142 Dei

137 3165 365 3250 voluptatibus
390 3180 567 3249 expectare
597 3168 721 3236 debere
749 3163 917 3229 violentos
939 3182 1053 3248 raptus
1076 3166 1120 3228 ad
1143 3204 1147 3263 Ι
1172 3177 1205 3228 et
1227 3167 1481 3247 ‹iaspierationis
1526 3166 1611 3230 Nam
1645 3166 1761 3231 vivens
1794 3169 1827 3231 in
1857 3164 1916 3231 tali
1939 3167 2155 3237 dubitatione,

138 3249 424 3317 benefaciendum.
480 3250 548 3316 lnro
573 3251 673 3315 trabit
707 3248 820 3329 Deus,
860 3253 920 3314 sed
954 3248 1120 3316 ¹volentem
1171 3271 1213 3315 an
1240 3250 1313 3315 Deo
1336 3250 1478 3335 placeat,
1500 3253 1580 3316 vivit
1604 3254 1676 3317 sine
1698 3255 1927 3329 invocatione,
1958 3266 1992 3317 et
2020 3253 2156 3316 tandem

137 3334 248 3415 trabit,
279 3351 311 3401 et
339 3339 372 3400 in
400 3339 525 3401 renatis
555 3336 731 3403 inchoatur
762 3338 925 3401 restitutio
958 3333 1120 3403 libertatis
1172 3339 1366 3421 opprimitur
1389 3340 1634 3422 desperatione,
1668 3352 1701 3402 et
1732 3352 1860 3424 pugnat
1888 3341 1972 3404 baec
1995 3339 2155 3403 dubitatio

137 3425 170 3488 in
193 3421 378 3501 voluntate,
403 3424 458 3508 qui
482 3426 513 3486 in
537 3445 617 3488 vera
639 3426 851 3490 invocatione
873 3425 1005 3488 discum
1025 3444 1120 3510 prae·
1172 3446 1247 3487 curn
1269 3423 1322 3486 bis
1346 3425 1459 3487 dictis:
1485 3424 1548 3488 l’er
1567 3425 1656 3490 bunc
1680 3429 1843 3491 audemus
1865 3427 2028 3491 accedere
2058 3425 2090 3488 in
2119 3422 2155 3486 ii-

131 3512 281 3577 seutiam
304 3511 366 3575 Dei
390 3506 572 3594 tripliciter.
1172 3511 1281 3586 (lucia,
1316 3531 1377 3593 per
1409 3510 1523 3574 Fidem
1557 3511 1632 3575 lesu
1665 3512 1828 3579 Christi.-
1850 3511 1942 3590 item,
1978 3511 2155 3584 Quomodo

533 3638 536 3645 -
1171 3597 1386 3674 invocabunt,
1409 3599 1471 3661 nisi
1496 3599 1642 3663 credent.
1867 3612 1870 3618 '

225 3679 349 3760 Primo,
371 3683 518 3746 sentiunt
528 3678 792 3747 consolationem
810 3683 841 3745 in
861 3681 964 3747 corde
986 3682 1018 3745 in
1042 3702 1120 3745 con·

138 3769 306 3844 versione,
328 3782 363 3831 ut
387 3769 521 3831 dicitur:
542 3769 712 3833 iustiiicati
733 3770 797 3832 tide
814 3790 929 3853 pacem
948 3769 1121 3846 habemus,
1259 3767 1310 3831 Sit
1332 3768 1430 3854 igitur
1451 3770 1564 3833 brevis
1588 3780 1620 3833 et
1637 3769 1815 3853 perspicua
1837 3769 2024 3851 responsio.
2058 3766 2157 3832 Nova

140 3873 226 3937 quae
263 3874 344 3917 vere
383 3866 436 3916 est
477 3856 696 3919 testiinonium
735 3855 944 3938 praesentiae
978 3856 1146 3937 Spiritus!
1173 3854 1359 3919 obedientia
1383 3875 1443 3917 seu
1467 3857 1554 3918 bona
1577 3877 1597 3919 o
1621 3858 1733 3919 erain
1752 3856 1924 3922 conversis
1947 3876 2009 3919 seu
2030 3857 2156 3919 renatis

139 3940 259 4017 sancti,
288 3940 378 4003 iuxta
408 3940 548 4003 dictauit
583 3940 771 4025 decepistis
795 3942 954 4025 Spiritum
979 3938 1146 4004 clamen-¹
1172 3937 1306 4024 placent
1329 3939 1410 4004 Fide
1433 3953 1570 4024 propter
1593 3879 1821 4007 immutarent.
1865 3940 1959 4006 Haec
1977 3941 2154 4025 responsio

138 4034 205 4089 tem
238 4024 336 4090 Abba
374 4037 480 4109 pater.
535 4025 634 4105 ltenr,
683 4027 752 4090 Vos
789 4028 930 4092 novistis
964 4027 1121 4112 Spiritum
1173 4023 1360 4090 declaretur
1382 4026 1435 4090 his
1458 4028 1563 4092 tribus
1585 4030 1752 4093 membris.

139 4123 301 4176 sanctum.
871 4124 882 4147 ·

471 4256 474 4261 ,
1259 4195 1404 4262 Primum
1438 4208 1564 4263 statuat
1596 4220 1784 4266 conversus
1823 4219 2002 4285 personam
2034 4198 2157 4265 iustam

226 4282 395 4359 Secundo,
428 4282 573 4345 sentiunt
606 4294 637 4347 et
659 4281 815 4347 auxilium
839 4285 870 4348 in
894 4285 968 4368 ipso
991 4282 1122 4359 labore,
1174 4304 1263 4363 esse,
1293 4284 1325 4348 id
1348 4297 1412 4362 est,
1445 4300 1618 4369 acceptam
1642 4284 1718 4350 Deo
1747 4298 1780 4350 et
1814 4284 2014 4372 placentem,
2049 4285 2155 4372 gratis

138 4370 333 4436 itt-dicitur:
357 4370 499 4455 Spiritus
521 4365 700 4452 opitulatur
721 4369 962 4436 infirmitatibus
984 4372 1121 4435 nostris.
1174 4384 1310 4455 propter
1333 4369 1561 4448 Medietatem,
1596 4372 1670 4436 sola
1692 4373 1783 4453 Fide,
1816 4393 1883 4438 non
1911 4383 2049 4458 propter
2076 4391 2156 4454 pro·

227 4517 229 4520 ,
1172 4458 1277 4542 priam
1300 4456 1403 4543 Legis
1425 4458 1657 4542 impletionem.

226 4539 351 4620 Tertio,
374 4542 640 4626 cognoscunt-in
663 4554 784 4606 eventu
803 4540 911 4606 Deum
936 4538 1041 4604 fuisse
1063 4563 1122 4626 gu·
1357 4601 1360 4605 .

138 4627 361 4702 bernatorem,
384 4629 472 4693 iuxta
494 4629 580 4695 baec
601 4631 704 4693 dicta:
727 4625 1016 4693 (UorrrnrendaDeo
1037 4603 1148 4741 viam}
1260 4629 1434 4705 Secundo,¹
1457 4641 1622 4714 agnoscat
1656 4641 1689 4696 et
1716 4629 1861 4696 fateatur
1883 4647 2082 4707 conversus,
2115 4648 2156 4695 se

90 4754 93 4759 ·
124 4724 241 4791 tuam,
265 4726 298 4778 et
320 4735 420 4797 spera
442 4717 473 4780 in
498 4738 589 4792 curn,
624 4726 657 4778 et
679 4717 752 4798 ipse
774 4716 885 4780 iaciat.
930 4715 1021 4793 item,
1055 4719 1121 4779 iste
1173 4734 1380 4798 nequaquam
1405 4713 1486 4799 Lagi
1511 4714 1574 4781 Dei
1597 4715 1806 4794 satisfacere,
1829 4727 1862 4780 et
1883 4717 1993 4780 adbuc
2016 4717 2156 4779 circum·

138 4820 266 4886 pauper
289 4798 443 4864 clamavit
464 4802 505 4864 ad
530 4800 718 4877 Dominum,
740 4813 774 4866 et
795 4802 957 4866 Dominus
987 4803 1120 4865 exaudi·
1173 4798 1262 4863 ferre
1284 4802 1316 4863 in
1340 4821 1418 4864 sese
1440 4816 1592 4884 poetata,
1615 4823 1766 4889 magnam
1790 4802 1977 4891 caliginem,
1999 4803 2156 4866 irroran-

140 4889 187 4952 vit
209 4907 294 4951 enm.
339 4885 430 4964 item,
454 4886 650 4952 invocatae
673 4891 704 4952 in
734 4889 788 4953 die
821 4885 1054 4967 tribulationie,
1087 4900 1121 4953 ct
1173 4888 1263 4962 tiam,
1296 4888 1544 4967 dubitationem,
1579 4911 1641 4955 nec
1670 4892 1702 4954 in
1733 4904 1841 4956 niente
1875 4888 1983 4955 lucem
2011 4854 2088 4954 delei
2123 4897 2158 4952 et

141 4973 276 5059 eripiam
300 4984 345 5053 te,
367 4985 399 5037 et
422 4972 626 5060 glorificabis
647 4995 708 5040 me.
1174 4972 1360 5038 firmitatem
1383 4995 1459 5040 esse
1482 4987 1619 5067 tantam,
1641 4991 1766 5062 quanta
1783 4998 1861 5043 esse
1884 4980 2016 5056 debeat,
2035 4995 2099 5039 nee
2120 4977 2155 5038 in

1176 5060 1278 5126 corda
1304 5060 1466 5143 timorem,
1499 5060 1609 5149 qualis
1635 5084 1714 5130 essa
1745 5065 1856 5146 debet,
1889 5086 1953 5132 uec
1983 5064 2156 5131 ardentem
