4628 5588
140 162 164 232 a
765 104 1522 230 emuniensoau’ranoauanoa.
2133 165 2200 259 t,

139 349 218 419 alio.
263 351 390 417 Graece
416 350 625 436 ὑφιστάμενον.
676 348 833 415 Essentia
866 370 948 416 vero
978 353 1127 416 nomina·

140 448 214 518 tur,
245 439 334 523 quod
360 458 480 503 revera
502 449 569 516 est,
604 437 733 504 etiamsi
763 448 814 501 est
837 439 1124 502 communicatum.

139 522 184 590 Et
210 535 365 591 teneatur
391 525 568 589 discrimen
596 524 683 587 inter
710 521 817 587 ariolae
840 521 1123 608 etdpmaptvcug.

141 610 228 677 Sunt
271 622 382 675 autem
420 609 534 674 TRES
571 607 810 674 PERSONAE
841 607 1124 688 DlVlNlTATlS,

131 694 259 776 Pater,
287 694 407 776 Filius,
437 706 470 762 et
496 695 640 780 Spiritus
667 706 822 779 sanctus,
856 694 1027 775 ὁμοοόσιοι,
1056 715 1124 759 non

138 779 272 933 plures,
301 803 366 848 nec
391 783 586 869 pauciores,
616 782 694 867 quia
722 783 772 846 sic
794 801 832 847 se
854 782 1009 847 divinitas
1031 792 1123 867 pate·

157 870 232 935 ecit.

352 1197 571 1302 Quomodo
603 1197 908 1282 discemuntur?

229 1396 375 1463 PATER
397 1409 554 1463 aeternus
576 1409 628 1462 est
645 1397 750 1481 prima
767 1417 914 1483 persona
932 1397 1123 1477 divinitatiS,

23 1525 32 1545 .
142 1504 211 1551 non
240 1497 340 1564 nata,
374 1505 437 1548 nec
467 1482 600 1549 aliunde
627 1484 835 1569 procedens,
869 1483 938 1549 Sed
967 1504 1053 1570 quae
1080 1485 1122 1548 ab

143 1580 281 1636 aeterno
331 1572 421 1635 enuit
442 1567 576 1648 Filium,
603 1570 777 1654 imaginem
805 1589 917 1649 suam,
946 1581 980 1635 et
1008 1590 1030 1634 a
1080 1590 1124 1633 aa

142 1657 295 1742 procedit
306 1591 449 1742 Spiritus
471 1668 621 1736 sanctus,
643 1667 677 1721 et
700 1675 784 1741 quae
808 1677 882 1722 cum
899 1654 982 1722 Filio
1006 1591 1123 1740 etdpt-

143 1745 208 1808 ritu
230 1753 349 1807 sancto
374 1762 489 1808 omnes
512 1740 595 1807 alias
617 1760 673 1806 res
696 1744 832 1822 creavit,
855 1754 1023 1811 eteorum
1045 1742 1123 1807 suh-

19 1893 24 1899 .
144 1831 286 1895 stantiae
309 1841 499 1894 conservat.

361 2157 472 2261 Quid
501 2160 685 2241 nominas
717 2155 893 2241 Creare?

231 2354 411 2423 GREARE
426 2368 479 2422 est
495 2378 538 2423 ex
555 2352 656 2421 nihilo
675 2356 765 2422 aliud
780 2353 905 2434 lacere,
927 2357 1013 2423 sicut
1029 2356 1123 2422 Deus

89 2470 91 2475 ·
143 2442 276 2511 eoelum
303 2455 336 2508 et
365 2457 503 2522 terram,
532 2441 673 2528 angelos
702 2457 735 2508 et
764 2453 868 2508 totam
894 2442 982 2508 hanc
1011 2445 1123 2508 mundi

35 2550 38 2557 ’
109 2548 117 2563 ’
141 2530 331 2597 machinam
353 2530 493 2595 dicendo
522 2528 601 2594 fecit
629 2549 673 2594 ex
698 2526 820 2607 nihilo,
850 2550 923 2594 non·
944 2551 987 2594 ex
1013 2527 1124 2615 alique

141 2616 356 2705 praecedenti
384 2628 523 2682 aeterna
551 2618 709 2696 materia,
740 2627 778 2682 ut
805 2614 898 2682 multi
927 2615 1124 2702 Philosophi

54 2712 72 2802 ᾗ
141 2706 398 2793 cogitaverunt.-

231 2815 436 2904 GIGNERE.
452 2849 504 2904 est
525 2837 625 2904 alium
648 2840 777 2904 desua
800 2840 946 2905 essentia
976 2840 1124 2926 gignere.

229 2973 372 3040 FlLlUS
394 2986 549 3040 aeternus
578 2986 631 3040 est
657 2976 806 3040 secunda
834 2995 981 3060 persona
1009 2977 1124 3042 divini-

143 3063 233 3140 tatis,
251 3082 337 3147 quae
355 3073 408 3126 est
425 3058 654 3126 substantialis
672 3073 706 3126 et
721 3063 854 3149 integra
871 3064 980 3147 imago
996 3064 1124 3127 aeterni

142 3147 266 3226 Patns,
289 3169 386 3232 quam
408 3146 510 3212 Pater
530 3167 608 3210 sese
629 3149 761 3212 intuens
789 3160 822 3213 et
844 3149 1062 3212 considerans
1080 3149 1123 3212 ab

142 3245 280 3300 aeterno
302 3235 417 3318 gignit,
440 3253 527 3318 qnae
548 3233 648 3296 nobis
665 3235 797 3318 quidem
815 3236 866 3299 sic
883 3231 1124 3313 manifestatur,

50 3332 55 3341 “
143 3320 234 3405 quod
256 3321 299 3383 sit
321 3339 484 3404 persona,
505 3338 566 3402 per
588 3339 687 3403 quam
708 3319 809 3384 Pater
835 3321 914 3384 dicit
941 3323 1123 3399 decretum,

144 3415 177 3471 et
199 3416 304 3470 totum
332 3407 481 3471 ordinem
508 3407 688 3470 creationis
716 3417 749 3470 et
777 3409 998 3490 reparationis
1020 3403 1124 3471 homi·

143 3513 234 3570 num,
258 3503 290 3556 et
312 3492 449 3556 mittitur
469 3501 506 3555 ut
522 3487 701 3574 patefaciat
723 3489 953 3578 Evangelium,
975 3501 1008 3555 et
1028 3511 1122 3556 assu·

11 3568 14 3589 '
88 3642 99 3651 ,
142 3589 212 3643 mat
229 3576 405 3642 humanam
424 3587 586 3656 naturam,
609 3587 642 3642 et
658 3579 704 3642 sit
714 3576 891 3658 Mediator,
909 3577 1124 3663 Redemptor,

50 3734 58 3745 .
142 3663 344 3729 lustilicator
366 3676 400 3729 et
422 3662 591 3731 Salvator.

230 3796 430 3864 SPIRITUS
452 3811 589 3865 sanctus
613 3813 665 3865 est
687 3801 784 3866 tertia
805 3820 960 3887 persona·
973 3801 1124 3866 divinita·

142 3886 199 3964 tis,
219 3885 407 3970 procedens
428 3906 449 3949 a
470 3883 571 3950 Patre
592 3897 626 3950 et
644 3884 741 3965 Filio,
763 3897 796 3952 et
818 3900 871 3952 est
895 3884 1124 3952 substantialis

141 3992 238 4038 amor
260 3982 294 4036 et
315 3969 441 4035 laetitia
463 3982 657 4056 coaetema‚
680 3974 767 4037 inter
788 3973 920 4038 Patrem
939 3985 973 4038 et
987 3970 1122 4037 ¹Filium.

141 4054 186 4124 Et
207 4059 305 4123 nobis
328 4058 377 4121 sic
395 4054 604 4147 manifestata
621 4068 684 4136 est,
706 4059 794 4142 quod
814 4061 959 4124 mittatur
969 4060 1002 4124 in
1022 4057 1124 4122 eorda

143 4145 364 4222 credentium,
398 4153 433 4207 ut
461 4141 547 4206 tales
568 4155 695 4221 motus,
730 4163 878 4207 amorem
907 4155 941 4208 et
965 4142 1124 4210 laetitiam

142 4232 421 4317 acquiescentem
442 4231 475 4294 in
496 4224 572 4313 Deo
594 4230 703 4293 ineis
732 4230 912 4307 accendat,
936 4227 1043 4315 qualis
1072 4240 1125 4295 est

141 4314 234 4395 ise,
267 4315 363 4382 Sicut
384 4315 417 4378 2.
440 4313 580 4381 Timoth.
616 4315 644 4381 l.
670 4333 831 4399 expresse
860 4315 1021 4401 scriptum
1050 4317 1145 4382 estz‘

175 4423 219 4467 on
243 4402 335 4467 dedit
364 4403 462 4467 nobis
489 4400 647 4487 Spiritum
675 4401 873 4481 timiditatis,
895 4402 956 4467 sed
977 4403 1122 4482 roboris,

143 4484 331 4555 dilectionis
353 4487 418 4554 Dei
439 4500 472 4553 et
495 4487 755 4554 castificationis.
1135 4485 1140 4496 '

98 4860 100 4866 ‹
220 4799 331 4903 Quid
362 4800 551 4885 differunt
580 4801 703 4885 Nasci
734 4813 777 4884 et
806 4800 1058 4884 Procedere?

74 5070 78 5074 ,
231 4996 364 5066 Nasci
385 5010 438 5066 est
458 5020 479 5064 a
499 5001 645 5083 potentia
666 5009 904 5086 cognoscente.
926 4996 1013 5075 Quia
1033 5000 1125 5086 geni·

26 5154 38 5165 ,
145 5095 215 5153 tum
235 5096 290 5153 ast
314 5087 427 5173 imago
449 5086 629 5175 gignentis.
671 5084 719 5152 Ut
743 5099 854 5154 antem
881 5086 915 5152 in
936 5085 1135 5179 hominihus

1201 352 1327 417 otentia
1355 346 1568 437 cognoscens
1590 347 1710 416 lonnat
1731 352 1892 437 imagines
1929 363 1963 416 et
1993 348 2155 437 loquitur:

1175 372 1234 502 lSic
1255 435 1359 502 Filius
1377 439 1577 502 estaeterni
1596 435 1707 502 Patris
1729 439 1851 524 imago,
1874 439 2078 525 cogitatione
2099 458 2156 522 ge·

1175 524 1263 602 nita,
1298 533 1330 587 et
1363 533 1415 587 est
1446 523 1532 604 λόγος
1564 524 1746 588 ostendens
1779 543 1854 588 eum
1886 525 1920 588 ln
1953 519 2157 589 revelatione

1175 607 1359 694 Evangelii.
1394 607 1583 674 Procedere
1605 621 1715 674 autem
1737 619 1790 674 est
1810 630 1831 674 a
1860 607 2049 688 voluntate,
2079 611 2156 695 quia

1175 695 1319 780 Spiritus
1342 705 1481 761 sanctus
1504 705 1556 760 est
1576 706 1696 773 motor,
1719 714 1781 760 seu
1803 697 1955 781 agitator.

1395 990 1531 1095 Quare
1562 992 1684 1074 Filius
1714 991 1946 1074 nominatur

1410 1170 1416 1181 ,
1518 1111 1520 1116 ’
1603 1103 1735 1202 λόγοςθ

1259 1292 1336 1358 Non
1359 1290 1468 1357 solum
1489 1293 1568 1378 quia
1584 1293 1786 1380 cogitatione
1802 1293 1962 1371 nascitur,
1980 1293 2157 1357 sedetiam

1175 1378 1253 1464 quia
1286 1390 1339 1444 est
1368 1398 1514 1462 persona
1545 1376 1721 1464 proferens
1753 1377 1970 1464 Evangelium
2004 1398 2047 1443 ex
2080 1380 2157 1444 sinu

1172 1465 1300 1530 aeterni
1322 1465 1450 1543 Pastis,
1476 1476 1511 1529 et
1539 1484 1747 1529 conservans
1766 1464 1981 1529 ministerium
2002 1463 2157 1551 Evange·
2230 1465 2233 1471 '

1173 1546 1224 1630 lii,
1257 1562 1291 1615 et
1324 1546 1447 1616 efficax
1467 1551 1501 1614 in
1534 1548 1587 1615 his
1626 1552 1680 1636 qui
1714 1551 1852 1616 creduut
1884 1548 2085 1635 Evangelio,
2123 1562 2156 1615 et

1174 1655 1259 1703 voce
1291 1634 1466 1722 Evangelii
1495 1637 1610 1701 dicens
1638 1634 1902 1702 consolationem
1931 1637 1964 1699 in
2000 1637 2156 1701 cordibus

1174 1743 1288 1789 eorum
1296 1768 1306 1801 ,
1328 1733 1360 1786 et
1380 1721 1555 1787 vivificans
1579 1741 1659 1801 eos,
1686 1723 1918 1806 sicut'inquit:
1952 1720 2027 1808 Ego
2054 1725 2156 1786 vitam

1173 1819 1341 1873 aeternam
1363 1810 1407 1874 do
1429 1809 1489 1887 ets,
1511 1820 1545 1874 et
1566 1811 1747 1874 ostendens
1769 1808 1912 1886 Patrem,
1935 1817 1966 1872 et
1984 1807 2157 1873 effundens

1173 1894 1333 1979 Spiritum
1362 1906 1516 1958 sanctum
1544 1895 1576 1958 in
1603 1895 1708 1958 corda
1734 1914 1860 1958 eorum.
1904 1892 1978 1957 Etsi
2005 1896 2090 1959 enim
2119 1896 2157 1959 fit

1171 1979 1351 2046 vivificatio
1362 2000 1423 2064 per
1434 2000 1551 2044 omnes
1568 1999 1742 2062 personas,
1758 1992 1869 2043 tamen
1888 1977 1954 2043 hoc
1970 1980 2086 2044 ordine
2101 1979 2154 2044 fit:

1172 2065 1276 2130 Filius
1297 2067 1353 2150 qui
1377 2063 1505 2151 colligit
1523 2064 1711 2130 Ecclesiam
1732 2066 1918 2129 immediate
1941 2086 2024 2130 voce
2045 2064 2155 2129 Evan-

1175 2149 1252 2236 gelii
1274 2161 1387 2216 movet
1407 2152 1510 2215 corda
1532 2162 1566 2218 et
1586 2162 1750 2216 monstrat
1762 2151 1904 2228 Patrem,
1929 2161 1962 2214 ct
1984 2151 2155 2235 datSpiri·

1175 2247 1415 2303 tumsanctum.
1451 2236 1528 2302 ldeo
1548 2237 1628 2301 dicit
1637 2234 1858 2300 Athanasius:
1882 2236 2156 2322 Quandocunque

1174 2324 1293 2387 dieitur
1314 2325 1347 2387 in
1368 2320 1501 2387 homine
1524 2341 1601 2387 esse
1623 2320 1767 2405 Spiritus
1789 2333 1940 2402 sanctus,
1964 2334 2015 2386 est
2032 2323 2077 2387 ibi
2094 2344 2156 2407 per

1175 2406 1375 2472 VERBUM.
1419 2405 1706 2474 Considerandum
1729 2420 1781 2472 est
1803 2409 1921 2493 igitur,
1943 2408 2061 2472 Filium
2090 2409 2154 2473 dici

1173 2493 1276 2576 λόγον,
1304 2506 1337 2559 et
1364 2505 1522 2580 respectu
1550 2493 1679 2573 Patris,
1701 2505 1735 2560 et
1755 2504 1910 2577 respectu
1931 2496 2054 2572 nostri,
2077 2495 2155 2579 quia

1175 2591 1226 2645 est
1242 2581 1337 2661 λόγος,
1363 2601 1544 2666 perquem
1567 2579 1669 2644 Pater
1690 2600 1728 2643 se
1755 2580 1852 2644 nobis
1874 2576 2041 2662 patefecit.
2075 2580 2153 2645 ldeo

1173 2668 1206 2731 in
1224 2664 1371 2731 lohanne
1389 2668 1523 2732 dicitur:
1545 2664 1649 2731 Filius
1666 2666 1720 2751 qui
1737 2676 1790 2729 est
1806 2666 1841 2730 in
1858 2666 1934 2729 sinu
1944 2665 2066 2743 Patris,
2082 2667 2156 2750 ipse

1175 2755 1341 2817 enarravit
1363 2754 1470 2817 uobis
1509 2751 1552 2816 Et
1573 2751 1737 2816 Dominus
1760 2752 1833 2857 ipse
1854 2752 2035 2834 respondet
2057 2752 2156 2814 inter·

1174 2839 1390 2926 rogantibus,
1412 2839 1485 2923 quis
1505 2840 1559 2916 sit,
1576 2836 1630 2916 τήν
1651 2835 1744 2919 ἀρχὴν
1762 2861 1810 2899 οτι
1830 2840 1881 2900 καὶ
1902 2839 1984 2901 λαλῶ
2005 2835 2093 2919 ὑμῖν,
2122 2836 2157 2900 ld

1174 2936 1245 3002 est,
1279 2945 1342 3010 ego
1369 2946 1443 2989 sum
1474 2926 1632 3002 verbum,
1665 2923 1754 3007 quod
1784 2921 1906 3007 loquor
1931 2924 2030 2987 vohis
2052 2922 2156 3001 initio,

1174 3007 1315 3075 sumilla
1327 3030 1484 3094 persona,
1503 3011 1594 3074 initio
1612 3007 1754 3093 loquens
1772 3008 1957 3085 vobiscum,
1980 3007 2156 3092 proferens

1173 3093 1391 3179 Evangelium
1425 3116 1467 3161 ex
1500 3097 1574 3161 sinu
1600 3096 1726 3160 aeterni
1759 3094 1879 3159 Patris.
1924 3094 2022 3159 ltem:
2048 3094 2155 3158 Nemo

1174 3183 1267 3247 novit
1286 3182 1314 3246 F
1316 3179 1415 3260 ilium,
1438 3183 1501 3246 nisi
1514 3182 1627 3259 Pater,
1650 3192 1682 3246 et
1703 3201 1800 3245 nemo
1822 3180 1915 3246 novit
1927 3179 2071 3259 Patrem,
2089 3181 2156 3247 nisi

1175 3267 1291 3346 Filius,
1309 3280 1340 3333 et
1364 3269 1419 3334 cui
1440 3266 1544 3333 Filius
1565 3267 1659 3336 volet
1682 3265 1844 3333 revelare.

1409 3600 1474 3682 De
1506 3600 1705 3680 vocabulo
1738 3596 1917 3708 Spiritus.
1948 3685 1950 3690 ,

1260 3796 1470 3865 Vocabulum
1505 3793 1704 3864 SPlRl'lUS
1737 3795 1903 3882 significat
1942 3797 2154 3881 agitationem

1175 3906 1237 3951 seu
1258 3886 1466 3973 agitatorem.
1505 3883 1589 3948 Nam
1613 3893 1647 3947 et
1675 3876 1819 3968 Spiritus
1843 3894 1978 3947 sanctus
2008 3895 2058 3948 est
2079 3902 2155 3968 per-

1174 3992 1259 4036 sona
1286 3971 1337 4034 sic
1364 3971 1461 4034 nohis
1483 3967 1669 4054 patefacta,
1700 3970 1788 4053 quod
1821 3970 1862 4031 sit
1891 3967 1982 4033 velut
2009 3971 2153 4048 llamma,

1173 4058 1357 4122 immediate
1379 4054 1473 4120 tales
1487 4067 1597 4119 motus
1620 4054 1810 4119 accendens
1838 4057 1870 4118 in
1894 4056 2012 4134 corde,
2044 4055 2154 4139 qualis

1174 4145 1246 4227 ipse
1268 4154 1332 4207 est.
1368 4141 1464 4207 Sicut
1485 4140 1602 4225 Roma.
1617 4141 1667 4204 lt.
1691 4140 1825 4205 dicitur:
1848 4140 2009 4226 Regnum,
2019 4140 2084 4205 Dei
2102 4151 2154 4206 est

1173 4228 1296 4294 iustitia
1318 4240 1350 4292 et
1378 4248 1462 4312 pax,
1491 4238 1525 4291 et
1546 4228 1701 4313 gaudium
1724 4245 1785 4310 per
1808 4227 1965 4311 Spiritum
1991 4238 2160 4291 sanctum.-

1173 4313 1216 4380 Et
1234 4317 1277 4379 ad
1298 4313 1380 4378 Tim.
1404 4315 1538 4379 dicitur:
1568 4313 1710 4397 Spiritus
1734 4314 1885 4390 roboris,
1914 4311 2100 4377 dilectionis
2122 4323 2156 4378 et

1175 4400 1436 4466 castificationis.
1480 4397 1525 4463 Ut
1545 4411 1656 4463 autem
1677 4397 1762 4463 hae'c
1789 4397 1957 4463 vocabula
1984 4396 2153 4484 aliquanto

1173 4485 1291 4552 melius
1312 4484 1550 4584 intelligantur,
1572 4487 1756 4549 intueamur
1774 4485 1950 4568 imaginem
1961 4482 2025 4548 Dei
2045 4484 2077 4549 in
2094 4482 2154 4547 ho·

1173 4575 1279 4653 mine,
1308 4575 1343 4638 in
1371 4592 1438 4657 quo
1466 4581 1545 4635 sunt
1570 4571 1632 4634 tria
1654 4570 1739 4634 haec
1761 4570 1951 4652 praecipua,
1973 4570 2071 4634 Mens
2093 4588 2156 4634 seu
2248 4606 2255 4627 .

1174 4661 1363 4733 substantia
1380 4659 1518 4723 animae.
1551 4654 1681 4728 Deinde
1693 4655 1863 4742 cogitatio,
1882 4673 1971 4737 quae
1982 4667 2033 4718 est
2043 4657 2154 4741 imago

1173 4765 1388 4830 rerumquae
1407 4743 1605 4829 cogitantur.
1637 4740 1680 4807 Et
1702 4742 1839 4806 verbum
1862 4751 1896 4803 et
1918 4741 2156 4824 cogitationem

1175 4843 1361 4915 sequnntur
1380 4830 1415 4894 in
1437 4825 1608 4893 voluntate
1630 4838 1664 4892 et
1691 4826 1793 4891 corde
1821 4837 1932 4889 motus
1961 4845 2021 4890 seu
2049 4826 2156 4911 agita·

1174 4917 1295 4995 tiones,
1316 4928 1352 4982 ut
1374 4914 1507 4980 dicitur:
1536 4914 1644 5000 lgnoti
1671 4910 1772 4991 nulla·
1788 4913 1920 4995 cupido.
1965 4913 2034 4978 Sed
2062 4912 2155 4998 cogi·

1173 5003 1318 5067 tationes
1340 5013 1374 5066 et
1440 5002 1594 5066 ‘tationes
1622 4998 1655 5062 in
1676 4996 1864 5065 hominibus
1887 5009 1965 5063 sunt
1992 5017 2058 5064 res·
2077 5017 2154 5063 eva·

1174 5099 1367 5154 nascentes.
1443 5098 1457 5154 t
1478 5107 1499 5152 a
1519 5086 1621 5152 Patre
1637 5095 1774 5151 actem
1797 5094 1850 5168 est
1871 5083 1993 5165 Filius,
2015 5086 2072 5173 qui
2100 5093 2155 5150 est
