4628 5588
184 187 244 255 ιιι
488 246 491 251 .
604 188 608 202 ·
882 184 936 263 ιιι,
981 181 1257 265 Ιοιιιιιιιιειε
1275 184 1491 253 aurnuns,
2114 167 2199 253 'ror

120 388 124 395 '
182 382 326 451 VERBA
353 378 565 451 AMBROSH
597 382 641 449 ΙΝ
668 376 881 448 BHSTOLA
913 380 1076 447 PRtORE
1102 380 1163 447 AD
1215 320 1337 436 mando
1360 392 1420 437 eos
1443 373 1485 436 ad
1507 374 1709 458 agnitionem
1728 376 1813 451 eius,
1832 378 1908 461 quia
1928 379 2017 441 enim
2039 397 2126 441 unns
2144 387 2231 441 eata

519 482 798 553 T1MOTHE1JM
846 532 861 561 ο
1216 457 1315 522 Pater
1336 468 1370 523 et
1391 452 1511 537 Filius,
1536 479 1604 523 non
1626 480 1790 544 persona,
1822 462 1883 525 sed
1911 460 2109 526 indifferenti
2138 480 2198 527 no·

1214 555 1301 622 tura,
1323 555 1359 607 nt
1380 545 1506 608 arbiter
1531 556 1621 609 esset
1642 543 1706 610 Dei
1734 559 1767 611 et
1795 544 1980 623 hominum,
2008 545 2111 612 Filius
2131 545 2199 612 'Dei

1213 641 1386 712 assumpta
1403 648 1517 708 earne,
1540 627 1639 695 homo
1662 643 1760 696 natus
1782 643 1851 708 est,
1879 645 1924 698 ut·
1942 631 2105 698 Mediator
2132 630 2199 698 Dei

1214 725 1248 779 et
1268 714 1437 779 hominum
1459 715 1560 781 homo
1582 728 1673 780 esset
1691 715 1844 781 Christus
1868 717 1974 796 loono,
1996 719 2028 782 id
2047 731 2111 798 eat,
2128 738 2198 785 non

1214 800 1288 865 sine
1310 800 1491 878 divinitate,
1514 802 1592 886 quia
1613 802 1646 865 in
1668 799 1744 866 Deo
1766 800 1865 868 homo
1888 813 1971 881 erat,
1993 814 2026 867 et
2050 804 2141 868 Deus
2162 804 2197 868 in

1213 884 1358 963 homine,
1380 898 1421 975 ut
1439 906 1481 950 ex
1502 898 1644 973 utroque
1658 900 1750 953 esset
1768 888 1944 969 Mediator,
1967 900 2001 955 et
2021 899 2198 976 utmmque

1213 968 1458 1037 reconciliaret.
2165 998 2171 1007 ·

268 682 366 749 Unus
390 683 475 747 enim
492 680 599 760 Deae,
621 701 707 746 unus
729 693 763 745 et
784 682 950 774 Mediator
960 679 1026 745 Dei
1049 693 1082 745 et
1103 677 1163 744 ho-

181 770 315 848 minum,
336 770 436 834 homo
459 767 613 833 Christus
636 766 741 831 lesus.
785 766 849 831 Dei
872 777 906 831 et
917 764 1040 831 Christi
1063 786 1163 830 unam

182 855 350 941 signifieat
371 874 450 918 esee
478 850 682 919 voluntatem
710 853 744 915 in
768 850 940 919 salvandis
962 851 1162 930 hominibus,

181 938 279 1005 Unde
302 940 409 1006 Deum
430 938 578 1011 Patrem,
603 939 680 1024 quia
700 938 744 1003 ab
766 940 840 1022 ipso
867 950 919 1003 est
941 939 1048 1017 omnia
1070 948 1162 1001 auto·

106 1090 109 1095 .
181 1025 276 1105 ritae,
297 1048 399 1091 unum
422 1044 498 1090 esse
516 1021 654 1103 fatetur,
683 1034 717 1088 et
738 1045 839 1089 unum
860 1022 1078 1090 Mediatorern
1099 1020 1164 1087 Dei

182 1121 217 1175 et
237 1109 416 1190 hominum,
440 1107 609 1176 Christum
627 1109 743 1173 iesum.
764 1108 890 1175 Missus
906 1110 992 1174 enirn
1013 1108 1163 1187 aPatre,
1272 1136 1275 1141 ·
1567 1132 1573 1143 ·
1643 1141 1757 1209 FINIS

96 1223 99 1229 ·
181 1193 292 1264 faetus
311 1197 438 1263 arbiter
459 1196 687 1263 reconciliavit
697 1194 808 1281 Deum
829 1206 864 1261 et
883 1193 1036 1261 homines
1056 1190 1191 1271 reson.
1759 1189 1767 1206 ’

388 1420 476 1481 Hane
493 1419 734 1500 Responsionem
752 1418 793 1481 de
810 1422 1032 1480 controversiis
1052 1416 1205 1479 Staocari
1227 1419 1256 1477 in
1275 1417 1383 1476 eadem
1405 1413 1563 1476 Examinie
1579 1413 1821 1477 Ordinandorum
1846 1418 1979 1478 editione
2001 1419 2195 1497 subsequun-

181 1512 229 1567 tur
251 1504 458 1585 Definitioner
473 1506 636 1568 nultum
657 1504 912 1585 appellationum,
934 1524 1064 1586 quoram
1085 1505 1118 1563 in
1135 1500 1283 1567 Ecclesia
1300 1516 1375 1563 ortu
1396 1509 1452 1573 ert,
1474 1501 1616 1562 eruentae
1638 1522 1659 1561 o
1680 1501 1835 1583 Philippo
1854 1502 2052 1563 Melontdone
2075 1501 2197 1583 Toryne

182 1598 213 1651 et
241 1590 451 1672 Voiteberyoe.
496 1594 587 1653 Anno
608 1596 699 1654 1551.
724 1599 754 1653 et
775 1595 865 1653 1553.
910 1589 977 1651 Has
999 1592 1057 1651 ium
1080 1591 1110 1649 in
1132 1588 1313 1670 Appendiee
1336 1584 1370 1648 n.
1393 1588 1500 1648 tertiae
1523 1588 1633 1650 aetatis
1654 1586 1805 1649 Locorum
1828 1588 2068 1669 theologicorum
2089 1588 2195 1651 latino·

182 1697 247 1737 mm
269 1675 357 1755 (vol.
380 1676 463 1741 xxi.
485 1702 515 1761 p.
543 1680 763 1739 1075-1106.
788 1676 867 1738 oons.
890 1694 920 1756 p.
946 1678 1039 1737 1075.·
1062 1682 1133 1736 notu
1156 1678 1223 1754 39.)
1246 1674 1408 1744 edidimus,
1428 1692 1517 1752 quam
1541 1675 1580 1735 ob
1604 1692 1728 1734 causam
1751 1672 1901 1759 hocloco
1925 1676 2108 1737 omittuntur.
