4628 5588
149 170 216 239 err
312 210 317 215 -
579 167 638 233 vr.
660 165 725 233 oa
745 132 965 251 uocaus'm
986 168 1044 237 ar
1063 168 1129 273 up
1149 146 1596 251 auuoanarn‘vtam
1617 168 1706 237 nar.
2103 171 2170 243 ars

146 424 165 431 ,,
238 355 431 438 Caeterum,
454 359 544 445 quod
566 356 715 427 Basilius
736 358 877 444 primum
899 358 1039 427 instituit
1059 380 1136 428 coe·
1186 359 1350 449 uirginem
1382 358 1540 441 Mariam,
1581 358 1698 425 solitas
1732 358 1946 427 circumferre
1978 358 2069 427 illius
2102 375 2171 428 sta·

150 457 207 513 tus
228 440 489 524 Monachornm,
522 443 556 509 id
577 442 764 528 exemplum
786 445 920 525 nocuit,
954 460 988 513 et
1010 444 1136 534 aliquid
1187 456 1287 513 tumn.
1330 445 1405 513 Hoc
1428 456 1531 512 totum
1553 448 1721 535 negotium
1744 448 1889 527 damnat,
1917 460 1950 513 et
1971 431 2072 513 vdcat
2100 452 2170 514 ido·

147 530 267 601 habuit
287 530 370 610 vitii,
389 532 517 597 etiamsi
535 533 606 617 ipse
627 533 767 617 primum
781 553 850 597 uon
865 532 981 599 habuit
999 534 1135 601 crassas
1187 530 1375 599 lolatricum
1397 554 1494 619 opus.
1539 532 1693 598 Continet
1715 534 1800 598 enim
1818 531 2024 620 Epiphanius
2045 532 2169 601 refuta-

150 616 421 705 superstitiones,
442 630 476 683 et
496 614 546 682 illi
568 631 686 686 coetus
709 616 816 684 adhuc
839 618 1001 706 quaedam
1022 620 1134 709 imago
1186 620 1295 685 tiones
1319 632 1467 685 veterum
1490 618 1694 697 haeresium,
1727 620 1908 705 praecipue
1930 624 1972 686 de
1994 620 2167 703 Trinitate,

149 716 247 773 erant
273 699 476 769 scholarum.
521 702 806 771 circumferuntur
834 715 869 769 ct
896 702 971 770 libri
1024 706 1135 773 uidam
1187 717 1220 770 et
1242 709 1357 791 paucis
1379 703 1454 769 aliis
1487 707 1652 785 materiis,
1687 727 1784 792 quem
1814 709 1947 792 quidem
1969 708 2168 774 historicum

149 791 225 859 eius
247 791 396 870 nomine,
446 792 478 855 ui
510 792 681 859 continent
701 787 853 878 Regulus
880 728 1136 873 Monaelorurn,
1185 794 1366 879 praecipue
1386 789 1565 879 legendum
1587 812 1664 857 esse
1686 813 1820 858 censeo.

68 926 71 931 -
150 896 292 963 quorum
312 872 417 961 aliqui
462 879 526 942 aud
544 877 642 943 dubie
659 878 965 963 suntsuppositioii,
983 888 1016 942 et
1029 876 1087 943 lon
1113 899 1134 945 o

125 973 301 1049 ‘tempore
323 974 401 1046 post
421 961 583 1027 Basilium
600 964 680 1029 nuti.
725 962 811 1029 Sunt
837 964 924 1029 enim
978 962 1044 1029 leni
1072 902 1134 1030 til·

150 1068 265 1125 sarum
287 1044 478 1133 opinionum
501 1049 543 1114 de'
566 1046 744 1128 coelibatu,
763 1061 797 1114 et
818 1046 892 1115 aliis
916 1073 935 1115 c
973 1052 1060 1115 tibus
1076 1072 1134 1117 ex-

152 1134 309 1221 cogitatis
331 1132 404 1197 sine
427 1135 584 1199 mandato
613 1134 694 1214 Dei,
723 1147 756 1200 et
783 1137 953 1201 continent
974 1134 1134 1202 ridiculas

153 1238 283 1307 cums,
313 1229 351 1284 ut
374 1240 533 1305 maguum
559 1240 716 1295 acervum
750 1242 934 1307 poenarum
955 1242 1014 1289 seu
1037 1224 1135 1289 satis·
1475 1242 1541 1325 De
1572 1240 1636 1325 Ch
1686 1227 1866 1327 soswmo
1951 1279 1954 1283 .
2003 1235 2005 1239 ’

150 1302 345 1381 factionum,
367 1325 454 1390 quas
476 1315 585 1371 vocat¹
598 1314 744 1389 ἐπιτίμια,
766 1309 796 1372 si
818 1308 928 1379 riserit
959 1305 1072 1394 puella
1101 1310 1134 1375 in
1638 1272 1686 1354 ry
1867 1308 1876 1326 ⁰

151 1388 274 1469 choro,
308 1391 426 1455 sedeat
454 1392 554 1457 biduo
578 1393 611 1457 in
632 1390 822 1474 uestibulo,
853 1406 886 1459 et
907 1393 1034 1459 sirrriles
1055 1416 1134 1461 nae-
1805 1418 1808 1423 ’
2259 1472 2263 1477 ,

149 1478 245 1556 uias,
269 1497 353 1583 quas
375 1476 502 1564 siquis
524 1475 626 1543 vellet
648 1501 812 1547 renovare
833 1481 1049 1548 admiratione
1075 1502 1135 1546 arr·
1273 1475 1507 1562 chrysostomi
1527 1487 1622 1542 aetas
1650 1475 1773 1541 multos
1802 1478 1868 1545 iam
1890 1478 2032 1542 vitiosos
2055 1498 2167 1545 mores

150 1564 321 1651 tiquitatrs,
343 1582 424 1630 vere
444 1564 616 1630 insaniret.
1184 1573 1370 1648 receperat,
1403 1584 1489 1649 quos
1511 1564 1585 1648 ipse
1606 1583 1809 1644 recensens,
1839 1585 1908 1630 non
1940 1562 2166 1649 reprehendit,

1185 1647 1280 1715 Sicut
1304 1646 1419 1714 laudat
1440 1649 1601 1721 adeuntes
1624 1651 1824 1715 monimenta
1847 1648 2065 1730 Sanctorum,
2088 1648 2168 1717 lacit

1185 1746 1219 1801 et
1247 1736 1444 1801 mentionem
1474 1735 1635 1801 orationis
1667 1756 1729 1821 pro
1750 1738 1901 1802 mortuis
1945 1736 2166 1803 Morrrsrtcam

1185 1822 1368 1887 immodicis
1391 1833 1424 1887 et
1446 1817 1541 1887 falsis
1564 1817 1720 1888 laudibus
1743 1834 1850 1887 ornat.
1894 1822 1931 1887 ln
1960 1834 2104 1888 tractatu
2126 1824 2168 1889 de

343 1948 410 2032 De
442 1947 639 2063 Gree0n'0
669 1948 955 2061 Nazianzena
1184 1907 1486 2061 illinisti?
1501 1905 1737 2080 ,tritanii
1740 1908 2168 2083 ‘tantillitatis

1184 2076 1365 2169 lacrymas,
1387 2078 1506 2145 atalia
1530 2099 1643 2166 opera,
1666 2093 1776 2146 tamen
1798 2077 1867 2146 ricrr
1878 2078 1959 2147 iacit
1968 2082 2168 2147 mentionem

67 2229 76 2239 ,⁴
232 2162 473 2249 ,Nazianzenus
495 2167 649 2233 tractavit
682 2165 857 2232 articulum
890 2168 932 2232 de
962 2164 1134 2248 Trinitate,
1185 2164 1278 2247 fidei,
1312 2168 1354 2232 de
1377 2188 1442 2253 qua
1463 2167 1610 2252 oportuit
1632 2168 1714 2246 dici,
1739 2166 1792 2231 Ao
1814 2169 1974 2252 scriptum
1995 2164 2077 2233 illud
2098 2165 2168 2252 ple·
2244 2214 2248 2226 .

152 2246 231 2316 Alia
262 2252 422 2338 dogmata
443 2250 566 2335 leviter¹
584 2253 725 2338 attingit.
769 2252 912 2336 Scripsit
938 2254 1039 2320 vitam
1068 2252 1133 2340 Cy·
1176 2260 1289 2338 'reque
1321 2250 1410 2319 falsa
1431 2254 1597 2331 continet,
1630 2264 1664 2318 et
1699 2250 1875 2319 confusum
1902 2273 1945 2320 ac
1972 2251 2167 2340 perplexum

151 2337 278 2422 priani,
305 2340 339 2402 in
373 2358 439 2423 qua
461 2349 593 2418 narrat,
622 2339 787 2424 quandam
812 2336 960 2424 puellam
988 2352 1133 2406 amatam
1185 2351 1248 2405 est.

151 2442 230 2488 esse
252 2421 458 2509 aCypriano
482 2436 559 2497 aute
572 2416 838 2505 conversionem,
861 2447 949 2511 quae
970 2425 1133 2491 invocans
1186 2428 1189 2433 ’

148 2506 290 2615 Mariam
312 2511 486 2596 Vlfssln0ffl2
508 2510 625 2577 vicerit
644 2514 793 2600 1¹¹³ng
811 2512 1054 2579 ῑΰθᾶῐὶῐὸῑῑῡῐὶθὸ
1067 2509 1133 2601 Cy·
1160 2553 1161 2564 ¹
1272 2525 1396 2593 Graeci
1422 2529 1565 2592 maxime
1592 2524 1816 2593 laudaverunt
1843 2530 2103 2594 commentarios
2131 2530 2166 2594 in

58 2697 61 2703 .
148 2614 264 2683 pnaut.
1183 2609 1336 2691 Paulum,
1357 2615 1414 2679 ubi
1430 2614 1463 2677 in
1486 2610 1572 2679 loeis
1595 2614 1637 2677 de
1658 2612 1890 2678 iustificatione
1912 2626 1946 2679 et
1968 2617 2011 2681 de
2033 2614 2099 2680 lide
2115 2637 2168 2681 se·

1183 2700 1251 2763 ries
1262 2696 1422 2764 Paulinae
1443 2699 1676 2784 disputationis
1695 2699 1827 2764 deducit
1846 2720 1919 2765 curu
1941 2720 1995 2779 eo,
2017 2711 2166 2786 utsaepe

234 2764 309 2832 Hoc
332 2764 518 2854 exemplum
541 2770 660 2832 citatur
688 2768 730 2833 de
757 2767 967 2833 invocatione
990 2766 1132 2834 Sancto·
1182 2795 1313 2869 repetat
1333 2783 1421 2850 hanc
1444 2786 1657 2863 sententiam,
1691 2786 1790 2859 Quod
1823 2782 1889 2849 fide
1923 2782 2168 2872 consequamur

147 2873 230 2918 mm·
275 2852 347 2917 Εΐδῑ
381 2867 489 2919 aulem
525 2855 656 2919 Videtur
689 2873 766 2919 ²⁵⁸0
807 2854 887 2918 5⁰¹8
920 2851 1062 2933 sabella,
1097 2865 1130 2919 θῑ
1183 2872 1414 2938 remissionem
1449 2884 1665 2956 peecatorum
1704 2882 1842 2955 propter
1868 2868 2061 2951 ,Christum
2098 2893 2166 2937 non

147 2949 268 3025 postea
286 2960 410 3044 sparsa
432 2938 527 3006 titulo
540 2940 755 3045 Nazipnzeni,
778 2951 898 3042 tamen
907 2941 1037 3005 etiamsi
1048 2961 1130 3005 vera
1181 2968 1320 3042 Propter
1352 2978 1466 3042 0pffl,
1510 2954 1552 3021 132
1585 2956 1710 3021 diserte
1739 2956 1833 3037 dicit,
1862 2956 1943 3021 Fide
1965 2980 2031 3023 120„
2055 2956 2166 3024 solum

150 3036 245 3090 esset
261 3026 413 3106 hrstoria,
436 3048 503 3091 non
526 3040 578 3093 est
602 3027 735 3091 citanda
756 3026 1131 3092 adeonhrmandumin·
1183 3040 1275 3129 affigi
1298 3040 1428 3123 Deum,
1452 3045 1513 3119 δα]
1536 3043 1683 3108 ,persam
1706 3044 1883 3109 credentes
1904 3045 2046 3123 semim,
2075 3045 2166 3130 quod

148 3112 358 3177 vocationem
381 3112 600 3191 Sanctorum,
632 3112 717 3177 Nam
750 3133 883 3178 errores
904 3114 1034 3198 piorum
1063 3133 1132 3178 non
1183 3152 1205 3197 a
1225 3130 1301 3196 De,
1323 3127 1517 3216 diligantur,
1539 3150 1729 3217 quanquam
1751 3126 1863 3195 multi,
1885 3131 1994 3198 modi,
2015 3131 2065 3196 rei
2086 3131 2164 3197 δίη,

149 3208 229 3263 sunt
255 3200 444 3302 opponendi
478 3202 581 3265 verbo
603 3197 689 3277 Dei,
724 3211 758 3263 et
787 3200 942 3264 omnibus
964 3200 1132 3267 aetatibus

149 3284 246 3349 “iam
267 3284 312 3370 Ph
333 3286 369 3351 5¹¹
390 3283 544 3351 Mem
566 3283 691 3350 habent
712 3305 793 3351 ⁵⁰⁸⁵
815 3284 1033 3351 infimitate&
1268 3336 1305 3401 ln
1327 3335 1394 3400 hae
1414 3340 1581 3401 sententia
1603 3338 1687 3402 satis
1704 3336 1905 3423 significavit
1921 3356 1960 3399 se
1977 3334 2166 3486 inteiliffipe

1087 3458 1132 3521 od
1182 3422 1294 3501 fidem,
1314 3442 1383 3486 non
1406 3433 1531 3487 tantum
1554 3424 1596 3487 de
1616 3424 1734 3487 notitia
1757 3423 1928 3501 historiae,
1950 3423 2066 3486 sedda

1086 3540 1131 3608 0¹,
1183 3511 1246 3588 cia,
1269 3529 1333 3594 qua
1356 3509 1522 3573 eredimus
1542 3511 1641 3573 nobis
1662 3510 1781 3573 remitti
1802 3519 1954 3593 peccata,
1978 3518 2012 3573 et
2035 3508 2166 3592 quidem
2210 3528 2221 3541 ·

1181 3593 1270 3660 hano
1291 3592 1391 3658 fidem
1413 3596 1572 3660 discernit
1594 3604 1637 3659 ao
1659 3595 1833 3678 operibus,
1866 3613 1888 3657 a
1908 3614 1977 3658 non
2008 3591 2164 3673 iurando,

1180 3701 1248 3747 non
1272 3681 1455 3746 occidendo
1473 3693 1535 3746 eto.
1559 3693 1592 3745 et
1615 3682 1694 3745 dicit
1715 3679 1805 3745 hunc
1821 3676 1945 3744 cultum
1958 3681 2165 3764 superiorem

1180 3786 1268 3831 esse.
1313 3766 1510 3851 Quanquam
1538 3779 1646 3830 autem
1681 3768 1756 3832 eius
1787 3767 1954 3830 enarratio
1984 3763 2165 3851 simplicior

146 3883 375 3953 invocaverint
408 3886 572 3968 Samos,
604 3890 688 3955 Ν8111
726 3888 894 3954 invocatio
928 3886 1129 3953 summm
1180 3865 1233 3919 est
1255 3863 1287 3917 et
1306 3853 1418 3919 minus
1444 3853 1590 3936 impura,
1613 3872 1711 3939 qnam
1732 3851 1931 3955 paganica,
1959 3863 2069 3957 tamen
2091 3854 2166 3939 ipsa

146 3968 306 4055 paulatim
334 3984 413 4039 tunc
451 3974 485 4037 in
516 3971 704 4055 Ecclesiam
736 3974 886 4060 irrepsit,
917 3972 962 4037 Et
993 3992 1128 4039 errores
1179 3958 1225 4024 ‘1¹¹
1271 3959 1313 4007 ¹¹⁶
1335 3950 1392 4005 ⁰⁵t
1412 3941 1574 4019 ⁰b⁵⁰¹¹¹³’
1605 3958 1670 4004 ¹¹⁰⁰
1691 3940 1815 4065 “milne
1841 3958 1956 4003 ΜΠ)
1982 3958 2058 4022 ‘1³⁸⁸
2085 3958 2165 4004 ⁰⁰¹¹·

147 4066 330 4143 temporum
352 4060 488 4125 trahunt
515 4061 679 4139 homineS,
709 4072 746 4126 ut
779 4061 902 4127 usitata
928 4060 1037 4127 miuus
1070 4061 1128 4125 im-
1179 4037 1290 4091 senta

146 4146 302 4229 probent,
325 4156 359 4210 et
381 4143 659 4224 bonioonsulant‚
681 4146 774 4213 Siout
796 4147 939 4233 impetus
956 4145 1128 4213 fluminum

238 3452 396 3542 allegant
417 3456 514 3523 etiam
538 3478 579 3522 ex
591 3453 720 3521 Basilio
743 3468 777 3521 et
794 3456 1019 3541 Nazianzeuo,
1042 3477 1085 3541 qu

147 3539 182 3605 in
204 3538 271 3606 line
292 3546 491 3610 concionum
520 3544 561 3609 de
584 3542 737 3622 Sanctis,
769 3540 881 3608 solent
903 3563 963 3608 eos
987 3564 1060 3609 com

147 3622 236 3691 lare:
259 3626 289 3692 0
317 3627 482 3695 Athanasi
511 3652 571 3697 ora
592 3650 654 3716 pro
678 3629 784 3695 nobis.
829 3628 903 3694 Etsi
931 3640 1042 3694 autem
1063 3565 1131 3695 lae

124 3710 386 3805 ’Apostrophae
418 3737 460 3781 ex
492 3716 683 3783 Rhetoricis
716 3714 834 3802 figuris
866 3716 1021 3781 excusari
1052 3734 1131 3801 pos·

78 3814 91 3826 ··
148 3808 240 3877 sunt,
261 3811 369 3866 tamen
391 3800 463 3866 lieri
484 3816 608 3888 potest,
631 3816 666 3869 ut
687 3824 780 3869 more
802 3802 855 3866 sui
874 3802 1032 3886 temporis
1049 3811 1130 3866 tunc

147 4249 261 4299 secum
282 4231 367 4316 rapit
399 4233 610 4318 navigantes.
653 4231 727 4298 Nec
760 4242 870 4299 tamar
902 4232 980 4299 ideo
1008 4252 1128 4319 appro-
1266 4230 1303 4295 ln
1325 4228 1450 4315 7.Gap.
1473 4229 1608 4317 longius
1631 4230 1736 4297 currit
1758 4241 1853 4295 extra
1875 4238 1983 4315 septa,
2004 4227 2061 4292 Ait
2083 4248 2163 4293 con·
2255 4262 2264 4271 -

146 4316 258 4383 banda
279 4330 332 4383 est
353 4318 521 4384 invocatio
533 4316 744 4384 Sanctorum.
759 4320 830 4385 sne
850 4330 1032 4406 postquam
1053 4338 1127 4383 mos
1180 4317 1420 4404 cupisccutiam
1453 4331 1486 4383 et
1518 4316 1678 4397 affectae,
1719 4317 1783 4381 nisi
1821 4316 1951 4401 pariant
1990 4326 2162 4380 externum

146 4402 264 4480 crevit,
287 4415 320 4467 et
342 4403 406 4468 iam
428 4414 555 4470 retecta
578 4416 631 4470 est
651 4406 815 4490 impietas,
835 4424 978 4491 prorsus
1000 4425 1043 4470 ex
1062 4400 1128 4471 Ec·
1180 4424 1277 4489 opus,
1310 4424 1378 4469 non
1412 4423 1490 4469 esse
1522 4416 1673 4488 peccata.
1718 4403 1785 4466 Sed
1808 4414 1937 4480 tamen,
1969 4400 1999 4465 si
2022 4400 2097 4485 quis
2114 4412 2162 4466 at-

147 4482 252 4555 clcsia
285 4487 358 4555 tolli
390 4489 499 4558 debet.
552 4490 625 4555 Neo
654 4489 804 4557 Basilius
837 4493 880 4556 de
918 4490 1129 4557 invocatione
1178 4502 1268 4556 teate
1291 4499 1325 4554 et
1342 4509 1417 4554 cum
1436 4491 1556 4556 iudicio
1575 4488 1607 4554 le
1631 4501 1664 4554 et
1675 4492 1933 4555 commentarios
1944 4483 2034 4565 illos,
2055 4486 2159 4553 multa

168 4574 322 4661 uioquam
355 4575 452 4656 dicit,
494 4587 623 4643 tanturn
661 4579 707 4641 ait
740 4573 905 4643 celebrari
937 4577 1128 4643 memoriam
1179 4577 1325 4643 inveniet
1341 4577 1530 4642 testimonia
1552 4598 1583 4639 rn
1623 4589 1731 4641 torum
1753 4573 1977 4640 articulorum.
2004 4571 2161 4658 thuan·

146 4596 358 4743 generorum,
381 4674 554 4729 uteorum
577 4664 719 4729 virtutes
740 4663 914 4730 imitemur.
958 4659 1001 4728 Et
1027 4673 1129 4729 vocat
1179 4683 1280 4749 quam
1300 4672 1380 4727 tunc
1409 4664 1442 4727 in
1464 4657 1619 4729 Ecclesia
1641 4660 1753 4749 caligo
1775 4658 1854 4739 fult,
1886 4671 1996 4725 tamen
2024 4669 2163 4745 apparet

147 4745 294 4814 Sanctus
326 4750 496 4817 adiutores
528 4769 665 4833 precum
696 4761 905 4829 nostrarum,
936 4769 1006 4814 non
1038 4748 1129 4835 quod
1179 4748 1358 4814 retinuisse
1388 4747 1570 4835 plerosque
1600 4747 1689 4811 hanc
1721 4766 1929 4815 communem
1950 4747 2161 4825 sententiam,

146 4832 214 4898 sint
234 4835 425 4917 invocandi,
446 4835 506 4902 sed
529 4835 606 4921 quia
628 4855 745 4917 ornnes
766 4835 856 4900 beati
871 4834 904 4901 iu
922 4832 1129 4903 coelooraat
1180 4834 1278 4911 Quod
1312 4832 1376 4900 lide
1402 4847 1543 4920 propter
1572 4831 1758 4912 Christum,
1791 4852 1858 4897 nou
1885 4854 1947 4918 pro
1971 4843 2022 4897 ter
2044 4851 2160 4916 opera,
2257 4842 2259 4849 '

146 4940 209 5004 pro
230 4917 397 5003 Ecclesia,
419 4936 452 4990 et
473 4943 547 4989 eam
567 4918 643 4987 Deo
666 4920 908 4988 commendant.
1179 4923 1322 4990 donetur
1351 4921 1503 4987 remissio
1524 4930 1750 5003 peccatorum.
1795 4917 1874 4985 ldeo
1901 4854 1970 4984 etsl
1996 4919 2161 4983 interdum
2224 4962 2229 4973 .

1178 5008 1288 5075 minus
1317 5008 1491 5075 commode
1512 5005 1694 5092 loquuntur
1722 5013 1872 5084 veteres,
1899 5002 2066 5070 tamenin
2088 4998 2161 5066 aliis

211 5088 416 5179 Epiphanius
438 5097 555 5163 scribit
575 5092 730 5162 mulieres
752 5094 916 5181 quasdam
933 5086 1129 5160 invocantes
1177 5090 1277 5193 loeis,
1298 5094 1378 5182 quid
1398 5114 1436 5161 re
1458 5094 1533 5181 ipsa
1555 5086 1731 5174 voluer-int,
1751 5091 1971 5175 animadverti
1992 5097 2117 5177 potest.
