4628 5588
176 158 234 226 73„
251 166 255 173 .

168 334 292 500 .ὲοᾈο
303 347 367 497 ῐ18.
411 346 553 432 Oportet
578 366 712 431 semper
732 365 849 425 orare,
872 358 912 425 ,01
932 367 1000 412 000
1022 345 1160 434 langue·

200 454 261 511 en,
282 453 302 497 0
316 455 347 498 0.
696 461 703 471 ·

263 550 338 617 1100
359 550 496 639 regulae
517 572 585 617 non
607 548 715 617 solam
739 553 781 616 (10
798 565 959 637 tempore,
982 552 1159 616 sedetiam

177 640 221 703 de
242 635 318 702 aliis
347 640 600 703 circumstantiis
628 636 874 725 intelligantur,
909 635 1083 716 videlicet,
1116 639 1159 702 de

176 725 277 790 modo
298 720 522 802 liberationis,
546 725 587 788 de
613 727 779 809 personis.
825 722 887 803 Ut,
916 724 1036 810 Longe
1062 722 1160 788 aliter

176 807 308 874 liberati
330 822 408 874 sunt
422 809 556 893 loseph,
579 810 688 887 lonas,
711 822 745 873 et
763 807 891 895 plurimi
908 812 1062 873 omnibus
1079 822 1159 874 tem·

176 895 327 980 poribus,
350 917 448 980 quarn
470 897 533 979 ipsi
556 899 803 981 cogitaverunt,
826 908 861 960 ut
885 894 1020 960 Psalmo
1034 896 1088 959 71.
1112 896 1158 958 di·

177 983 280 1047 citur:
314 980 484 1046 Liberavit
515 1002 712 1066 pauperem,
746 983 797 1047 crri
821 1004 887 1047 non
917 986 989 1046 e'ret
1016 982 1159 1047 adiutor.

176 1062 312 1131 Psalmo
334 1066 387 1133 26.
433 1066 530 1132 Pater·
552 1080 585 1133 et
607 1065 714 1132 illator
736 1067 984 1153 dereliquerunt
1005 1089 1069 1145 nre,
1091 1066 1160 1131 Do·

176 1152 286 1219 minus
315 1161 427 1216 autem
459 1154 609 1236 suscepit
629 1175 692 1218 nre.
736 1152 779 1218 Et
806 1156 838 1218 irr
868 1156 956 1218 dicto
988 1152 1159 1237 iosaphat:

178 1236 261 1302 Cum
280 1238 461 1316 nescimus,
484 1240 561 1324 quid
584 1242 750 1325 agendum
771 1240 831 1318 sit,
860 1237 961 1306 Oculi
987 1239 1095 1302 nostri
1117 1238 1161 1304 ad

178 1335 212 1387 te
232 1323 327 1388 Deus
345 1336 472 1404 noster,
494 1337 558 1389 etc.

359 1617 470 1721 Quid
501 1631 564 1702 est
594 1616 825 1703 Gratiarum
857 1621 989 1703 ectio?

263 1815 477 1901 Respondeo.
521 1814 558 1882 in
581 1838 705 1904 genere
727 1828 779 1882 est
801 1817 980 1902 professio,
1002 1819 1092 1884 unde
1115 1821 1159 1884 sit

178 1916 352 1988 acceptum
372 1904 578 1980 beneficium,
600 1916 634 1967 et
652 1915 703 1968 cst
723 1902 873 1990 obligare
891 1926 968 1969 sese
985 1908 1028 1971 ad
1045 1919 1159 1988 mutua

177 1980 300 2054 0111010.
350 1990 434 2053 Nam
469 1988 642 2053 Graiiturlo
676 2003 728 2053 est
760 1993 865 2054 virtus
899 2013 972 2056 eom
997 1994 1084 2056 osita
1116 2012 1158 2055 ex

177 2076 309 2140 duabus
334 2077 472 2139 summis
502 2076 688 2153 virtutibus,
710 2074 859 2155 seilicet,
886 2098 927 2141 ex
982 2079 1097 2142 eritate
1124 2092 1158 2142 et

176 2160 314 2226 lustitia.
357 2159 490 2225 Veritas
511 2160 703 2247 profitetur,
730 2163 818 2227 unde
840 2163 883 2225 sit
905 2176 1080 2247 acceptum
1101 2165 1158 2227 be·

176 2245 345 2312 nebcirrm.
388 2247 516 2311 lustitia
537 2258 687 2329 praestat
708 2260 821 2312 mutua
841 2247 964 2314 officia.
997 2247 1089 2335 Ergo
1111 2250 1158 2314 in·

177 2346 292 2420 gratus
316 2343 349 2397 ct
370 2335 512 2398 mendax
534 2344 567 2398 et
588 2334 729 2398 iniustus
753 2345 816 2399 est.

261 2468 345 2534 Vult
365 2480 474 2534 autem
496 2468 590 2534 Deus
612 2468 753 2556 intelligi
775 2470 817 2532 ab
839 2467 1026 2534 bominibus
1050 2470 1158 2535 Grati-

176 2556 335 2633 tudinem,
356 2568 393 2620 ut
416 2576 489 2618 earn
512 2574 594 2640 erga
610 2556 718 2638 ipsum
733 2557 911 2637 praecipue
927 2576 1156 2634 exerceamus,

177 2652 211 2707 et
232 2643 336 2706 simus
358 2662 441 2726 erga
462 2642 571 2726 ipsum
593 2661 732 2706 veraces
755 2651 789 2705 et
811 2639 964 2706 officiosi.

263 2776 316 2842 Ac
338 2777 425 2841 sicut
446 2777 636 2861 petitionem
659 2778 692 2843 in
710 2779 922 2846 invocatione
938 2775 1099 2864 postulat,
1121 2790 1159 2845 ut

176 2882 400 2948 agnoscamus
440 2883 516 2928 esse
548 2862 673 2944 Deum,
713 2877 746 2928 et
778 2885 857 2930 esse
890 2867 1158 2950 omnipotentem,

175 2961 396 3099 praesentem,
418 2947 659 3032 opitulatorem,
682 2952 768 3014 utin
785 2950 843 3015 tali
861 2953 1030 3038 agnitione
1048 2972 1086 3016 se
1098 2971 1157 3015 no·

200 3035 228 3098 is
252 3036 484 3099 communicem
514 3036 563 3099 lta
591 3035 777 3103 Gratiarum
806 3039 970 3102 actionem
995 3035 1156 3123 postulat,

175 3130 213 3185 ut
228 3132 421 3203 perseveret
438 3119 523 3185 baec
547 3142 627 3185 vera
644 3123 787 3208 agnitio,
810 3135 847 3189 ut
869 3124 1030 3209 deinceps
1058 3125 1157 3189 etiam

176 3224 254 3272 sese
275 3207 373 3272 nobis
391 3207 621 3271 communicet.
666 3254 672 3259 -
1021 3234 1024 3243 ·
1146 3240 1151 3245 ·

261 3341 324 3407 Est
346 3363 429 3428 ergo
452 3340 641 3406 Gratiarum
664 3344 809 3409 00110οτ
834 3365 854 3408 0
874 3344 983 3410 Deum
1005 3344 1155 3426 Veritas,

176 3448 262 3513 quae
284 3426 477 3511 profitetur,
511 3441 651 3513 accepta
672 3449 790 3494 essea
846 3452 887 3496 eo
910 3430 1090 3508 beneficia,
1124 3442 1158 3497 et

176 3532 256 3580 vere
279 3533 357 3578 esse
378 3512 504 3590 Deum,
537 3530 615 3578 esse
638 3517 913 3599 omnipotentem,
947 3528 1156 3602 praesentem

177 3610 211 3664 et
231 3595 474 3685 opitulatorem.
504 3597 547 3663 Et
569 3611 621 3664 est
643 3621 728 3683 opus
751 3601 909 3682 iustitiae,
930 3624 999 3689 qua
1020 3615 1053 3669 te
1074 3601 1158 3667 obli·

177 3686 305 3772 gasati
328 3684 441 3750 officia
463 3684 536 3749 Deo
559 3698 665 3770 grata.

263 3818 347 3886 Cum
374 3821 475 3907 igitur
496 3821 704 3888 Mendacium
726 3835 760 3888 ct
782 3823 943 3889 iniustitia
965 3826 1031 3888 sint
1052 3822 1159 3888 borri-

175 3904 255 3973 bilia
275 3919 425 3992 peeeata,
447 3906 656 3973 manifestum
686 3921 756 3988 est,
777 3908 813 3973 ln
840 3911 1049 3975 retitudinem
1074 3930 1157 3997 erga

175 3991 285 4059 Deum
307 4012 384 4058 esse
406 3994 608 4060 horrendum
629 3992 750 4060 scelus.
829 4010 853 4075 t,
874 4016 949 4061 cunr
967 3995 1160 4061 Alexander

177 4080 304 4164 c'ogitat
332 4100 413 4144 casu
435 4089 492 4143 ntrt
516 4101 577 4146 sua
599 4083 719 4146 virtute
739 4093 870 4167 partum
899 4102 977 4146 esse
1006 4103 1158 4167 regnum,

175 4185 238 4230 nec
261 4163 385 4230 fatetur
406 4188 427 4230 a
444 4164 521 4229 Deo
543 4167 655 4231 datum
672 4188 761 4244 esse,
784 4169 924 4232 mendax
946 4179 1010 4246 est,
1032 4181 1066 4233 et
1088 4169 1158 4252 qui-

176 4251 250 4315 dem
269 4263 387 4315 contra
400 4250 518 4315 Deum.
549 4250 673 4317 Postea
691 4251 727 4316 iit
747 4255 902 4330 iniustus,
924 4273 989 4316 non
1013 4254 1158 4317 reddens

175 4334 250 4403 Deo
268 4335 414 4415 officium
432 4337 589 4416 debitum,
612 4358 686 4402 cunr
702 4339 793 4403 iubet
811 4359 889 4403 sese
908 4337 973 4403 coli
991 4350 1027 4404 ut
1038 4338 1157 4403 Deum.

181 4536 183 4541 .
260 4472 313 4538 Ex
328 4471 393 4538 bac
410 4471 527 4556 puerili
547 4471 864 4541 comnronosactione
881 4486 915 4540 et
933 4477 1157 4560 descriptione

177 4558 394 4624 Gratitudinis
424 4557 562 4645 intelligi
590 4570 720 4644 potest,
757 4563 900 4627 maxime
928 4562 1157 4626 necessarium

177 4644 312 4721 cultum„
341 4664 419 4709 esse
452 4646 699 4711 Gratiturlincm.
754 4645 797 4710 Et
841 4670 916 4713 cum
957 4648 1157 4734 extinguitur

176 4732 301 4835 agnitio
324 4731 386 4795 Dei
407 4732 614 4816 in‘ingratis,
637 4730 728 4795 lleus
751 4733 870 4799 desinit
891 4754 930 4798 se
947 4734 996 4798 eis
1015 4753 1157 4797 commu·

176 4835 302 4881 arcere.
346 4816 442 4882 Sient
468 4816 662 4903 plerumque
685 4821 795 4882 securi
817 4820 968 4885 homines
995 4830 1073 4904 post
1101 4840 1156 4883 ac·

176 4912 275 4986 cepta
297 4902 458 4967 beneficia
487 4900 605 4969 luriunt
625 4902 749 4970 talibus
779 4906 1049 4991 cogitationibus:
1078 4904 1157 4968 For·

173 4989 278 5053 'tussis
301 5008 384 5053 casn
404 4987 563 5055 liberatus
586 5009 642 5069 es,
664 5003 727 5056 ete.
771 4990 820 5055 ita
843 4994 995 5057 amittunt
1016 4991 1157 5077 agnitio·

174 5092 253 5141 nem
267 5072 344 5153 Dei,
366 5085 401 5141 et
420 5078 632 5161 praesentiae
642 5075 720 5156 Dei,
743 5098 820 5144 cam
840 5079 993 5163 sequenti
1016 5096 1158 5145 comme·

867 136 909 224 n.
930 154 1122 225 axxnrnn
1143 152 1523 223 oxomxnnoaurr.
1956 222 1966 247 ,
2152 148 2197 222 rr

1210 345 1397 410 moratione
1419 365 1461 410 ac
1482 306 1696 428 professione
1716 340 1809 410 aiere
1830 354 1864 412 et
1885 341 2195 432 000110000ςοοῃ1-

1210 433 1333 497 tionem
1351 430 1415 496 Dei
1438 444 1470 496 et
1491 430 1605 496 Fidem
1627 432 1797 497 deberent.

1298 550 1382 617 Cum
1405 552 1505 636 igitur
1517 552 1696 638 gratiaram
1719 551 1807 616 aetio
1828 549 1873 614 sit
1893 550 2107 615 necessarius
2125 546 2195 616 cul·

1211 649 1277 717 tas,
1293 636 1488 723 plerumque
1499 650 1677 723 praecepta
1694 637 1871 701 coniuncta
1881 647 1960 700 sunt
1978 637 2020 700 de
2037 636 2196 719 petitione

1210 736 1244 788 et
1265 722 1454 788 Gratiarum
1473 725 1621 803 actione,
1653 725 1729 808 quia
1755 735 1895 807 utraque
1924 724 2117 787 necessaria
2144 732 2197 787 est

1210 810 1253 874 ad
1276 830 1293 873 a
1322 809 1476 873 ultionem
1499 809 1574 874 Dei.
1621 806 1754 876 Psalmo
1776 808 1828 874 46.
1862 808 1987 872 invoca
2008 828 2062 872 me
2084 809 2118 872 in
2141 807 2195 873 (110

1211 895 1274 960 trib
1312 896 1447 975 ationis,
1471 893 1608 980 eripiam
1630 907 1674 976 te,
1698 907 1732 960 et
1753 893 1961 981 glorificabis
1979 913 2043 973 me,
2065 903 2130 959 etc.
2160 910 2164 917 '

1297 1033 1442 1098 Prodest
1463 1042 1574 1097 autern
1597 1029 1928 1096 commonefactionis
1949 1050 2065 1108 causa,
2087 1031 2195 1116 quoti·

1211 1118 1265 1182 die
1287 1118 1460 1201 expressis
1483 1118 1595 1183 verbis
1622 1129 1655 1182 et
1684 1131 1778 1182 certa
1803 1115 1911 1184 forma
1937 1118 2115 1183 verborum
2142 1135 2196 1182 re·

1212 1205 1315 1269 citare
1337 1207 1518 1291 gratiarum
1539 1205 1715 1270 actionem.

1254 1495 1458 1584 EORMA
1487 1497 1835 1583 GRATIARUM
1865 1494 2134 1584 ACTIONIS

1346 1621 1430 1702 AD
1462 1618 1777 1703 AETERNUM
1807 1617 2052 1702 PATREM

1298 1784 1589 1869 Omnipotens,
1621 1795 1777 1861 aeterne,
1810 1784 1887 1850 vive
1916 1796 1951 1849 et
1979 1804 2060 1849 vere
2083 1781 2193 1863 Deus,

1209 1881 1346 1935 aeterne
1370 1868 1468 1933 Pater
1489 1868 1622 1936 Domini
1644 1870 1750 1933 nostri
1772 1868 1867 1933 iesu
1889 1868 2066 1945 Christi,
2101 1888 2194 1936 crea·

1210 1968 1264 2021 tor
1286 1954 1372 2020 coeli
1395 1966 1427 2019 et
1449 1967 1570 2035 terrae,
1593 1967 1626 2018 et
1643 1953 1823 2033 bominum,
1845 1969 1878 2020 et
1901 1956 2046 2020 omnium
2065 1967 2194 2019 creatu·

1211 2064 1333 2118 rarum,
1358 2053 1391 2106 et
1413 2053 1643 2119 conservator,
1665 2042 1763 2105 dator
1784 2043 1885 2120 vitae,
1905 2038 1991 2126 legis
2013 2052 2046 2104 et
2063 2041 2194 2124 sapien·

1210 2129 1295 2206 tiae,
1328 2139 1362 2192 et
1394 2125 1592 2210 opitulator,
1620 2147 1687 2191 una
1716 2147 1792 2192 cum
1813 2125 1898 2191 Filio
1921 2140 1978 2192 tuo
2001 2139 2193 2206 coaeterno,

1209 2210 1355 2278 Domino
1377 2226 1495 2276 nostro
1513 2211 1607 2277 lesu
1628 2211 1820 2292 Christo,
1848 2213 1926 2300 λόγῳ
1949 2217 2001 2276 καὶ
2022 2211 2116 2275 εἰκόνι
2137 2233 2193 2275 ooo

1210 2299 1314 2386 ἀϊδίῳ,
1337 2312 1370 2364 01
1390 2300 1548 2382 Spiritu
1570 2313 1719 2363 sancto
1735 2310 1805 2379 tuo,
1824 2299 1931 2364 cii'uso
1949 2302 1983 2363 in
1995 2294 2193 2382 Apostolos,

1210 2399 1307 2451 casto
1329 2396 1363 2449 ot
1384 2387 1562 2463 veraci,sa
1588 2385 1670 2462 iens,
1694 2387 1796 2462 bone,
1820 2406 1937 2463 verax,
1958 2385 2059 2463 iuste,
2081 2384 2194 2461 iudex,

1210 2472 1415 2549 misericors,
1438 2484 1544 2548 caste,
1565 2406 1747 2547 liberrime,
1771 2471 1829 2534 tibi
1852 2472 1980 2572 gratias
2001 2492 2079 2556 ago,
2103 2469 2195 2554 quod

1210 2554 1369 2623 revelasti
1391 2569 1424 2621 te
1449 2557 1564 2634 nobis,
1587 2556 1677 2640 quod
1699 2557 1818 2621 misisti
1840 2554 1976 2636 lilium,
2004 2568 2039 2621 et
2060 2554 2196 2621 voluisti

1210 2663 1284 2708 eum
1296 2662 1470 2707 assumere
1481 2643 1657 2706 humanam
1673 2652 1825 2706 naturam
1838 2639 2050 2707 inenarrabili
2063 2643 2194 2726 sapien·
2268 2666 2271 2671 ¹

1209 2731 1255 2794 tia
1276 2741 1310 2794 et
1334 2730 1491 2806 bonitate,
1515 2738 1548 2792 et
1570 2725 1641 2791 fieri
1654 2728 1819 2792 victimam
1837 2750 1898 2812 pro
1917 2729 2028 2805 nobis,
2052 2728 2108 2812 qui
2125 2722 2194 2792 eol·

1209 2813 1287 2900 ligis
1303 2826 1473 2879 aeternam
1484 2811 1683 2892 Ecclesiam,
1702 2824 1735 2876 et
1752 2814 1841 2898 quod
1861 2815 1947 2877 inter
1963 2834 2025 2878 nos
2045 2810 2192 2898 colligis,

1209 2921 1327 2965 servas
1350 2899 1569 2965 lliinisterium
1580 2896 1768 2986 Evangelii,
1792 2900 1852 2964 das
1864 2899 2022 2984 Spiritum
2039 2910 2194 2964 sanctum

1210 2998 1242 3051 et
1263 2987 1364 3051 vitam
1385 2997 1567 3065 aeternam,
1590 2996 1625 3050 et
1645 2986 1735 3071 qnod
1758 2986 1820 3049 das
1838 2987 1937 3050 nobis
1954 2986 2043 3050 bona
2059 2983 2194 3068 corpori

1209 3084 1327 3138 nostro
1349 3074 1559 3152 necessaria,
1583 3082 1615 3136 ct
1635 3073 1768 3156 mitigas
1791 3093 1833 3136 ac
1855 3069 1946 3136 tollis
1969 3089 2114 3156 poenas,
2135 3068 2193 3159 de·

1209 3160 1310 3245 nique
1330 3178 1393 3245 pro
1416 3160 1570 3224 omuibus
1587 3157 1758 3223 beneficiis
1769 3158 1898 3223 animae
1909 3169 1942 3222 et
1954 3157 2192 3242 corporisoto.

1363 3454 1448 3538 AD
1479 3453 1794 3538 AETERNUM
1823 3452 2030 3538 FILIUM.

1296 3619 1325 3684 A
1354 3639 1374 3683 o
1397 3619 1454 3683 tibi
1476 3617 1602 3704 gratias
1625 3617 1834 3700 omnipotens
1857 3612 1920 3680 Fili
1948 3615 2030 3696 Dei,
2050 3613 2194 3681 Domine

1210 3704 1304 3770 iesu
1329 3641 1515 3781 111πί010,
1549 3704 1688 3768 verbum
1718 3713 1752 3766 et
1777 3704 1889 3786 imago
1919 3703 2046 3767 aeterni
2069 3702 2190 3782 Patris,

1211 3788 1369 3856 crucifixe
1391 3808 1453 3875 pro
1476 3789 1584 3867 nobis,
1607 3799 1639 3852 et
1660 3789 1871 3866 resuscitate,
1894 3797 1971 3852 nate
1988 3789 2030 3853 eir
2047 3788 2192 3875 virgine,
2240 3850 2246 3857 .

1208 3875 1386 3955 Emanuel,
1415 3875 1539 3941 sedens
1568 3876 1611 3940 ad
1642 3873 1791 3938 dextram
1813 3874 1940 3939 aeterni
1961 3870 2091 3954 Patris,
2121 3868 2191 3937 col·
2219 3915 2224 3930 ·

1209 3961 1318 4048 ligans
1349 3974 1382 4027 et
1404 3982 1545 4026 servans
1566 3971 1735 4026 aeternam
1758 3957 1945 4024 Ecclesiam
1974 3981 2059 4025 voce
2082 3957 2192 4024 Evan-

1210 4047 1306 4136 gelii,
1335 4048 1424 4134 quod
1446 4043 1636 4132 patefecisti
1658 4046 1756 4112 nobis
1783 4047 1911 4112 aeterni
1934 4045 2043 4110 Patris
2066 4044 2191 4109 miseri·

1211 4136 1375 4212 cordiam,
1409 4145 1441 4197 et
1463 4135 1633 4198 decretum
1655 4132 1696 4197 (10
1719 4131 1963 4216 redemptione,
1997 4142 2030 4194 et
2058 4148 2191 4213 semper

1211 4218 1375 4305 collegisti
1390 4215 1586 4297 Ecclesiam,
1612 4229 1645 4282 et
1667 4220 1878 4302 assumpsisti
1899 4215 2073 4280 humanam
2096 4224 2191 4281 uatu-

1209 4327 1298 4384 ram,
1321 4326 1358 4369 es
1381 4305 1562 4383 Mediator,
1586 4303 1806 4388 Redemptor,
1835 4303 2035 4369 lustiiicator
2062 4296 2191 4365 01501-

1209 4402 1317 4469 vator,
1341 4411 1379 4455 es
1396 4398 1544 4458 summus
1556 4391 1733 4467 Sacerdos,
1755 4409 1888 4473 semper
1903 4388 2113 4452 intercedens
2129 4382 2191 4470 prb

1208 4477 1317 4553 nobis,
1340 4478 1425 4541 dans
1449 4495 1564 4541 rocem
1575 4472 1761 4560 Evangelii,
1784 4486 1817 4538 et
1834 4493 1873 4537 es
1895 4468 2015 4537 efficax
2029 4493 2091 4557 per
2103 4491 2189 4550 earn,
2264 4488 2272 4495 ·

1209 4576 1241 4628 ct
1263 4565 1325 4626 das
1346 4560 1576 4627 remissionem
1598 4573 1833 4645 peccatorum,
1862 4569 1896 4623 et
1924 4578 1962 4623 es
1991 4577 2067 4638 rex,
2096 4554 2190 4623 colli·

1209 4668 1306 4734 gens,
1327 4667 1469 4712 servans
1490 4659 1524 4711 et
1546 4658 1725 4731 protegens
1746 4642 1950 4722 Ecclesiam,
1977 4654 2010 4710 ct
2032 4644 2094 4710 das
2116 4642 2190 4729 Spi-

1210 4737 1304 4798 ritum
1339 4746 1492 4799 sanctum
1526 4733 1584 4811 iis,
1618 4733 1675 4816 qui
1714 4732 1758 4795 ad
1797 4742 1830 4793 te
1859 4742 2116 4810 convertuntur,
2156 4737 2190 4792 et

1207 4814 1391 4904 Evange·
1403 4840 1487 4884 voce
1509 4839 1548 4883 se
1569 4827 1769 4895 sustentant,
1790 4828 1824 4880 et
1842 4817 2021 4880 restituens
2040 4817 2074 4879 in
2089 4814 2190 4879 nobis

1207 4907 1365 4971 iustitiam
1386 4918 1419 4970 et
1440 4906 1540 4970 vitam
1562 4915 1742 4980 aeternam,
1765 4903 1826 4967 das
1847 4901 1955 4966 lucem
1971 4903 2005 4965 in
2027 4898 2188 4977 consiliis,

1207 4989 1412 5057 intellectum
1433 4991 1527 5058 verbi
1550 4989 1615 5068 tui,
1637 4984 1778 5074 depellis
1799 4984 1983 5067 Diabolos,
2006 4988 2068 5053 das
2090 4985 2189 5052 etiam

1208 5079 1298 5145 bona
1316 5077 1450 5164 corpori
1470 5076 1681 5155 necessaria,
1704 5086 1769 5141 etc.
2031 5078 2036 5089 '
2126 5096 2130 5107 ¹
