4628 5588
15 200 56 228 „
137 140 221 212 ere
552 104 559 125 ⁵
777 139 894 210 run.
914 139 1020 210 rme
1040 140 1232 211 scurra
1250 139 1533 269 menandri.
1623 245 1628 260 Ι
1684 122 1688 133 ’
2053 155 2068 227 5
2100 140 2172 214 ete

146 343 181 399 et
203 331 294 418 quod
316 331 469 396 remissio
490 333 636 417 pendeat
668 352 710 397 ex
742 331 932 398 conditione
959 348 1130 398 enumera·
1181 311 1443 410 ntledmrdtee,
1464 341 1567 417 egent
1589 327 1734 418 gratias,
1768 332 1858 417 quod
1889 343 2028 418 propter
2048 328 2170 400 Filium

145 419 263 497 tionis,
281 419 359 504 quia
381 419 494 483 dicunt
512 419 668 483 divinitus
688 432 903 505 praeceptam
925 437 1015 483 esse.
1182 419 1347 503 receperit
1378 437 1486 503 genus
1519 415 1698 484 humanum
1730 414 1861 502 prolato
1891 419 2088 485 admirando
2111 419 2170 485 de·

1182 516 1284 580 creto
1303 524 1346 569 cx
1377 523 1503 568 arcano
1535 505 1622 570 sinu.
1666 502 1797 568 Deinde
1824 515 1955 589 petatur
1986 501 2171 586 absolutio,
2287 553 2290 557 -

185 625 189 635 ·
235 589 308 655 liae
330 601 400 652 tres
434 588 608 691 opiniones
640 585 748 654 falsae
771 603 860 668 sunt,
885 600 919 654 et
946 591 1130 654 obscurant
1182 610 1268 676 quae
1298 601 1351 655 est
1381 609 1448 655 vox
1480 590 1651 655 ministerii
1672 587 1867 677 Evangeiici
1888 591 2041 676 privatim
2062 588 2169 676 appli-

147 671 290 771 gloriam
315 672 478 753 Filiiller,
501 687 535 739 et
553 687 631 739 sunt
653 673 763 760 laquei
782 676 1072 752 conscientiarum,
1094 687 1131 739 ut
1183 696 1266 759 cans
1299 675 1528 740 remissionem
1550 676 1688 761 petenti,
1722 696 1797 741 cum
1815 673 1918 741 Filius
1939 673 2005 740 Dei
2027 677 2170 742 direritt

147 774 285 828 constat
306 760 431 826 multos
453 763 673 845 ambigentes,
696 782 739 825 an
762 765 845 826 satis
868 783 952 846 pure
982 757 1131 825 confessi
1186 760 1336 835 Quorum
1347 762 1541 827 remiseritis
1559 773 1710 846 peccata,
1732 761 1937 827 remittentur
1959 763 2022 840 eis,
2054 774 2087 828 et
2108 782 2170 848 po·

146 859 274 926 essent,
297 850 330 911 in
354 844 493 932 magnis'
504 848 712 912 moeroribus
734 845 849 912 fuisse.
894 843 985 912 Telis
1003 847 1131 911 debita-
1182 849 1286 911 suerit
1307 848 1341 911 in
1364 848 1460 911 nobis
1472 867 1659 913 sermonem
1671 845 1969 913 reconciliationis:
1992 847 2172 934 Freman-

146 935 194 1000 tio
217 933 316 998 fidem
339 944 373 997 et
394 934 639 997 invocationem
661 934 809 1017 impedit,
838 945 871 997 et
892 947 951 997 aut
972 933 1131 1019 despera·
1182 933 1260 998 dato
1282 931 1355 999 Filii
1377 933 1454 1012 Dei,
1485 936 1644 1001 annuntio
1677 934 1736 998 tibi
1769 954 1887 999 vocem
1907 931 2083 1019 Evangelii
2114 955 2170 1000 re·

146 1020 282 1097 tionem,
305 1030 364 1083 aut
384 1017 585 1102 Epicureum
608 1030 810 1083 contemtum
833 1016 964 1083 odiern'
980 1017 1132 1083 Necesse
1182 1019 1365 1084 mittentem
1398 1030 1557 1102 peccata,
1589 1030 1625 1085 et
1655 1020 1715 1084 tibi
1746 1020 1809 1101 ipsi
1841 1030 1982 1101 peccata
2003 1020 2124 1085 remitti
2145 1041 2171 1086 a

147 1118 200 1171 est
221 1107 321 1192 igitur
343 1117 377 1169 et
398 1105 569 1169 veritatem
592 1105 744 1188 conspici
764 1105 797 1169 in
815 1104 980 1184 Ecclesia,
1005 1116 1039 1169 et
1060 1101 1132 1170 vul·
1183 1104 1258 1169 Deo
1291 1106 1470 1190 pronuntio
1501 1117 1640 1189 propter
1660 1102 1776 1167 Filium
1806 1102 1986 1170 Dominum
2014 1118 2172 1173 nostrum

146 1211 232 1258 nera
255 1188 536 1257 conscientiarum
557 1191 680 1254 sonari.
1182 1194 1289 1256 lesum
1307 1190 1487 1265 Christum,
1522 1186 1715 1253 crucifixum
1736 1209 1799 1274 pro
1822 1191 1934 1268 nobis,
1968 1201 2001 1254 et
2022 1192 2172 1256 resusci-

1182 1285 1296 1337 tatum.
1318 1272 1372 1337 Ac
1394 1273 1563 1359 praecipio
1586 1275 1656 1353 tibi,
1678 1294 1722 1338 ne
1739 1274 1931 1360 asperneris
1953 1287 2093 1341 mortem
2114 1276 2142 1342 F
2144 1278 2172 1342 i·

234 1360 447 1426 Manifestum
480 1372 532 1424 eat
560 1370 669 1425 antem
691 1362 725 1425 in
747 1380 874 1426 areana
903 1357 1130 1437 confessione,
1150 1400 1158 1469 p
1182 1357 1216 1424 lii
1238 1358 1314 1439 Dei,
1337 1379 1423 1450 quae
1444 1379 1506 1444 pro
1528 1372 1574 1439 te,
1597 1372 1631 1428 et
1651 1356 1787 1446 reliquis
1805 1362 2021 1427 credentibus
2038 1359 2171 1428 fuitse-

147 1449 428 1514 enumerationenr
462 1448 619 1524 omnium,
649 1444 703 1511 vel
730 1467 913 1530 paucerum
936 1443 1131 1511 delictorum
1182 1445 1340 1518 crificium
1363 1441 1503 1530 placans
1526 1446 1609 1510 iram
1631 1444 1891 1527 aeterni'Patris,
1911 1448 1975 1514 sed
1996 1469 2077 1515 vere
2096 1469 2172 1515 cre·

146 1555 214 1600 non
249 1554 326 1599 esse
355 1545 567 1616 praeceptam
599 1533 670 1597 iure
693 1533 824 1612 divino,
856 1533 934 1618 quia
967 1553 1130 1618 nusquam
1182 1534 1245 1597 das
1277 1531 1491 1616 promissioni
1523 1529 1711 1621 Evangelii,
1745 1544 1779 1597 et
1799 1545 1928 1600 statuas
1957 1543 1992 1600 te
2020 1534 2130 1620 recipi·
2146 1556 2172 1601 a

146 1639 234 1685 voce
268 1617 404 1698 Christi,
436 1630 493 1683 aut
516 1618 776 1704 Prophetarum,
810 1632 868 1683 aut
889 1616 1129 1703 Apostolorum
1181 1616 1270 1696 Deo,
1293 1638 1368 1683 cum
1390 1619 1500 1684 credis
1522 1618 1580 1684 tibi
1601 1619 1666 1704 ipsi
1687 1631 1826 1713 propter
1845 1618 1937 1687 buno
1951 1622 2172 1688 mediatorem

146 1706 360 1793 praecipitat.
414 1701 458 1768 lit
477 1705 679 1770 enumeratio
703 1702 910 1792 singulorum
932 1716 986 1773 est
1006 1706 1130 1788 impos·
1181 1705 1314 1771 remitti.

148 1789 266 1871 sibilis,
287 1792 365 1878 quia
385 1788 486 1856 valde
508 1789 611 1856 multa
632 1803 709 1856 sunt
725 1804 856 1871 errata,
879 1803 912 1856 et
929 1789 1146 1866 delictasim

195 1875 322 1957 iorem,
356 1896 442 1963 quae
474 1897 537 1942 nec
570 1874 778 1964 intelligunt,
817 1899 879 1944 nec
912 1879 1130 1943 meminerunt
1268 1874 1365 1941 Hanc
1393 1872 1636 1941 absolutionem
1669 1876 1816 1942 sciamus
1848 1895 1917 1942 non
1949 1896 2028 1944 esse
2048 1898 2172 1946 rouen

147 1896 239 2030 gum
267 1960 366 2029 titud:
399 1960 530 2029 Delicta
561 1964 636 2049 quis
658 1960 836 2050 intelligit?
900 1963 980 2029 ldeo
1003 1975 1130 2028 certum
1180 1960 1345 2028 humanae
1363 1963 1565 2041 autoritatis,
1587 1963 1647 2026 sed
1664 1963 1811 2042 divinae,
1844 1966 1998 2029 sonantis
2020 1966 2053 2030 in
2075 1967 2170 2030 mini·

148 2060 215 2128 est,
250 2050 477 2115 conscientias
506 2069 714 2136 nequaquam
748 2052 939 2115 onerandas
960 2069 1039 2115 esse
1062 2049 1129 2113 sin·
1182 2050 1285 2115 sterio
1309 2046 1495 2136 Evangelii,
1519 2049 1606 2114 sieut
1627 2046 1738 2114 David
1760 2045 1859 2114 valde
1880 2048 2086 2119 cumulasset
2105 2071 2172 2116 sua

147 2132 302 2223 gulorum
336 2137 594 2215 enumeratione,
623 2149 656 2200 et
677 2156 887 2224 nequaquam
909 2138 1056 2223 pendere
1078 2154 1132 2200 re·
1181 2145 1334 2220 peccata,
1356 2135 1386 2199 si
1409 2154 1476 2198 nen
1510 2135 1709 2200 credidisset
1730 2136 1807 2201 voci
1829 2134 1980 2201 Nathan:
2001 2134 2171 2204 boninus

53 2226 56 2232 '
147 2223 341 2297 missionem
364 2241 406 2287 ex
428 2222 688 2288 enumeratione.
1182 2219 1320 2287 abstulit
1351 2233 1526 2304 peccatum
1555 2232 1656 2286 tuum.
1700 2219 1749 2286 lta
1781 2232 1924 2307 peceant
1956 2242 2091 2301 omnes,
2111 2223 2172 2309 qui

189 2380 195 2388 ,
1182 2310 1216 2372 in
1233 2306 1438 2392 pavoribuS,
1471 2312 1510 2372 et'
1534 2307 1568 2370 in
1625 2308 1804 2374 cenitentia
1826 2304 1945 2374 nolunt
1965 2305 2171 2376 absolutioni

234 2391 331 2458 lianc
354 2393 540 2457 doctrinam
560 2392 885 2457 necessariam'esse
899 2392 977 2478 piis,
997 2386 1132 2456 manile-
1153 2410 1159 2443 ι
1184 2394 1336 2471 credere,
1358 2404 1392 2456 et
1402 2412 1476 2457 eam
1488 2328 1752 2459 consolrltiencm
1766 2393 1940 2460 admittere
1952 2392 2083 2475 nolunt,
2104 2412 2172 2461 nee

26 2469 30 2480 ’
146 2490 235 2547 atum
248 2491 312 2558 est,
335 2478 612 2564 quiatristissima
635 2476 827 2544 carnificina
849 2478 1133 2554 excruciarentur,
1153 2457 1162 2570 Ι
1183 2479 1324 2544 redeunt
1356 2478 1402 2543 ad
1433 2478 1691 2558 invocationem,
1724 2499 1789 2545 nec
1819 2500 1860 2546 se
1880 2479 1946 2547 fide
1967 2492 2003 2548 et
2021 2501 2084 2568 spe
2104 2482 2171 2549 ci·

147 2566 178 2631 si
200 2577 356 2649 putarent
377 2561 510 2652 singula
532 2566 722 2630 nominatim
744 2565 915 2629 recitanda
941 2584 1050 2651 esse,
1068 2583 1133 2633 nec
1185 2575 1282 2652 gunt.-

146 2651 267 2719 remitti
290 2662 431 2737 peccata
452 2651 526 2717 sine
546 2647 604 2718 illa
620 2651 724 2718 anxia
746 2652 951 2719 recitatione
1149 2595 1162 2780 Ι

1271 2733 1335 2800 ilie
1365 2735 1465 2800 etiam
1496 2752 1640 2800 measse
1670 2744 1726 2800 est
1756 2735 1864 2801 taxari
1896 2736 1987 2814 hune
2018 2755 2173 2808 errorem

210 2822 310 2889 Nunc
322 2832 431 2890 autern
445 2823 488 2888 de
500 2821 566 2895 bac
577 2822 773 2908 quaestione
788 2840 856 2888 non
865 2821 1044 2907 disputabo
1055 2841 1134 2906 pro·
1183 2820 1438 2899 Mesochorum,
1471 2821 1561 2908 quod
1590 2821 1744 2889 dixmunt
1775 2819 2022 2895 absolutionem
2040 2826 2174 2907 irritare

146 2905 257 2989 lixius,
279 2930 355 2974 eum
378 2906 554 2974 manifesta
575 2911 619 2974 sit
639 2909 782 2989 veritos,
816 2921 848 2974 et
870 2921 948 2976 ante
968 2908 1057 2975 hanc
1078 2925 1134 2972 ae·
1184 2927 1274 2987 esse,
1296 2908 1326 2971 si
1347 2928 1417 2971 non
1438 2907 1482 2972 sit
1505 2903 1676 2972 sufficiens
1698 2909 1865 2974 contritio.
1909 2907 2109 2984 Sed-seiam
2122 2911 2177 2996 pi'

145 2992 419 3062 tatensmtotes
441 2996 626 3079 scriptores
647 2996 692 3061 ita
709 2995 942 3073 iudicaverint,
961 3015 1134 3060 enumera·
1184 3005 1342 3082 opertam
1374 2992 1446 3059 fieri
1464 2995 1731 3073 conversionem,
1763 2995 1852 3059 sicut
1872 2994 2100 3062 iusiurandum
2117 2999 2186 3062 in·-

145 3082 269 3148 tionem
292 3078 500 3166 singulorum
522 3101 588 3145 non
610 3082 758 3169 praecipi
779 3082 851 3146 iure
883 3081 1014 3159 divino,
1047 3081 1133 3145 sicut
1183 3081 1271 3166 quite
1315 3078 1404 3146 Vivo
1435 3098 1521 3166 ego,
1549 3077 1630 3146 nolo
1652 3091 1793 3147 mortem
1814 3083 2019 3165 peccatoris,
2050 3083 2118 3148 aed.
2134 3091 2174 3149 nt

142 3177 261 3253 aperte
293 3166 397 3251 inquit
430 3166 703 3247 Panonnitanus,
739 3179 772 3231 et
804 3165 1067 3253 chrysostomus
1100 3167 1133 3229 in
1184 3175 1400 3231 convertatur
1421 3177 1455 3230 et
1477 3166 1580 3232 vivat.
1624 3163 1769 3250 Oportet
1802 3166 1903 3253 igitur
1924 3165 2069 3254 aliquam
2090 3187 2173 3234 aare
2259 3172 2262 3177 '

49 3262 53 3267 ⁴
146 3253 359 3320 enanatione
375 3247 500 3318 Psalmi
521 3252 576 3316 ott.
599 3252 694 3319 dicit:
714 3253 753 3320 st
774 3253 878 3355 pudet
898 3249 999 3318 elicui
1021 3252 1134 3317 dicere
1184 3252 1427 3329 contritionem,
1458 3263 1493 3316 et
1524 3271 1593 3323 nou
1614 3253 1747 3317 retineri
1766 3248 1974 3337 propositum
1995 3254 2172 3340 peccand,

144 3350 298 3425 peccata,
321 3338 421 3403 dicito
444 3358 484 3404 ea
505 3340 653 3426 quotidie
674 3339 707 3404 in
730 3337 936 3413 antenatus,
965 3355 1033 3403 non
1056 3339 1132 3403 (lice
1183 3349 1219 3403 et
1249 3339 1456 3404 accendatur
1486 3334 1589 3418 fider,
1621 3350 1657 3404 et
1679 3339 1724 3404 stt
1740 3338 1861 3403 deinde
1883 3341 1973 3406 bona
1993 3342 2171 3406 oonsetn·
2256 3370 2259 3376 ·

145 3438 182 3491 ut
205 3426 397 3490 confitearis
410 3445 577 3491 conservo
599 3437 669 3505 tuo,
690 3437 725 3492 ut
748 3424 805 3490 tibi
818 3426 1009 3511 exprobret,
1032 3425 1133 3490 dicito
1183 3425 1241 3502 tia,
1261 3424 1296 3488 id
1317 3434 1382 3502 est,
1408 3424 1617 3509 propositum
1645 3444 1711 3490 non
1734 3421 1877 3490 faciendi
1900 3438 2018 3492 contra
2040 3426 2173 3492 eonsci-

145 3508 223 3580 Dee
244 3512 301 3597 qui
324 3522 422 3577 sanat
443 3530 495 3576 aa.
538 3511 612 3577 Nec
629 3521 684 3576 est
704 3511 739 3577 in
755 3530 878 3600 graeca
898 3507 1056 3578 Ecclesia
1077 3510 1134 3576 bic
1184 3509 1317 3576 entiam.
1361 3509 1453 3575 llaec
1472 3531 1547 3576 cum
1568 3511 1702 3590 adsunt,
1723 3512 1944 3577 certisnmum
1964 3524 2016 3576 est
2033 3507 2173 3579 ubsola·
2296 3574 2299 3581 J

146 3614 221 3665 mea
243 3598 501 3663 enumerationis
521 3616 731 3664 arcanorum.
1183 3598 1306 3661 tionem
1337 3607 1442 3661 ratam
1475 3608 1510 3661 et
1542 3594 1670 3662 firmam
1699 3616 1789 3674 esse,
1821 3617 1921 3682 quam
1974 3598 2082 3663 uidem
2104 3595 2174 3663 fide

706 3745 716 3768 x
940 3704 943 3712 ·
1183 3694 1316 3768 oportet
1347 3684 1418 3747 aeci
1444 3683 1473 3761 i,
1504 3702 1593 3768 quae
1623 3702 1693 3753 non
1724 3693 1838 3768 petest
1869 3682 1953 3749 simu
1990 3703 2067 3749 esse
2095 3704 2175 3750 cum

234 3767 363 3833 Omitte
385 3779 493 3834 autem
601 3765 681 3835 loco
704 3765 935 3835 renationem
956 3786 1133 3856 argumen·
1182 3768 1355 3854 preposito
1377 3705 1602 3854 delinquendi,
1625 3780 1659 3832 et
1679 3767 1765 3833 fides
1787 3768 1934 3834 intuetur
1955 3767 2073 3835 Filium
2094 3767 2175 3851 Dei,

146 3863 268 3934 torem,
291 3855 411 3940 quibus
434 3855 499 3920 adv
558 3857 617 3922 arii
634 3856 999 3936 ostendereconantur,
1013 3874 1133 3921 neces·
1181 3866 1319 3942 propter
1341 3851 1431 3919 bunc
1454 3855 1570 3919 statuit
1600 3856 1692 3919 iuxta
1713 3854 1968 3939 promissionem
1991 3856 2096 3943 gratis
2118 3876 2174 3922 re·

146 3940 270 4006 aeriam
288 3959 366 4005 esse
389 3942 666 4008 enumerationem
689 3938 914 4030 singulorum,
936 3952 970 4006 et
988 3942 1064 4006 iure
1085 3942 1133 4007 di·
1183 3942 1287 4006 missa
1303 3959 1383 4005 esse
1404 3951 1557 4024 peccata,
1589 3960 1658 4005 non
1689 3953 1828 4027 propter
1849 3942 2094 4022 contritionem.
2112 3953 2174 4009 aut

146 4025 227 4093 rino
285 4046 343 4092 rae
407 4037 483 4094 tam.
528 4027 612 4095 Nam
645 4026 728 4095 aiibi
759 4030 802 4094 de
815 4077 816 4080 ,
829 4030 880 4093 eis
901 4029 987 4094 satis
1008 4028 1132 4094 dictum
1184 4026 1311 4116 gradtn
1333 4026 1553 4105 conuitiouie,
1576 4037 1634 4091 aut
1656 4025 1905 4093 coalessioaen
1926 4037 1992 4093 etc.
2224 4028 2227 4034 “

146 4124 212 4179 est.
255 4048 309 4197 lc
340 4132 380 4180 sc
394 4124 452 4180 unt
479 4114 544 4199 ipsi
576 4114 761 4180 adversarii
783 4134 823 4179 se
844 4112 907 4179 bas
928 4113 1133 4202 mastigias
1688 4121 1691 4124 ’

146 4198 318 4279 offendere
341 4198 470 4281 oeulis,
504 4213 537 4265 et
559 4200 676 4265 animis
697 4196 831 4286 populi,
864 4221 932 4266 non
962 4201 1053 4286 qnod
1082 4201 1134 4265 sic
1270 4195 1449 4265 litantem
1470 4194 1556 4264 alias
1575 4216 1681 4284 saepe
1702 4197 1782 4276 dixi,
1802 4216 2016 4285 nequem
2034 4194 2176 4265 ende·-

147 4286 306 4367 eentiant,
329 4287 449 4352 sedne
469 4284 561 4356 bunc
580 4306 720 4353 nervum
743 4306 828 4354 suae
848 4287 1019 4372 potentiae
1039 4285 1134 4352 amit·
1185 4284 1229 4351 da
1250 4296 1304 4351 est
1324 4285 1454 4369 privata
1476 4281 1659 4389 absolutio,
1681 4286 1759 4371 qnia
1780 4283 2086 4390 mmisestisdnpum
2106 4296 2176 4367 eat,

147 4383 231 4475 Μ
391 4541 404 4551 ,
1171 4366 2179 4546 mrssnrnrsnaarnm

235 4540 412 4609 Oraterum
432 4544 543 4610 sentio
639 4541 763 4610 erairm
786 4539 1036 4610 confessiones
1057 4543 1135 4609 reti·
1185 4544 1238 4610 cio
1261 4547 1294 4609 in
1318 4543 1426 4628 capite
1450 4541 1502 4609 18.
1524 4540 1700 4608 Matthaei:
1723 4542 1864 4616 Quoties
1884 4542 2075 4610 remittami

146 4629 289 4694 rendam
312 4650 402 4710 esse,
425 4649 498 4696 cum
526 4640 648 4717 pettnr
669 4626 852 4710 absolutio,
885 4630 971 4695 sicut
992 4631 1133 4696 enimin
1185 4633 1317 4717 tuagies
1335 4629 1473 4714 septies.
1540 4627 1604 4702 Qui
1625 4626 1723 4694 loeus
1743 4649 1825 4696 vere
1846 4640 1881 4694 et
1901 4643 1993 4699 reete
2015 4630 2059 4696 de
2079 4562 2176 4694 nli‘nl:

146 4713 309 4785 Nehemia
342 4715 500 4803 scriptum
534 4728 604 4798 est,
627 4715 871 4787 confitebantur
892 4730 1033 4802 peccata
1055 4736 1133 4797 suar
1185 4719 1289 4781 stato
1311 4713 1531 4782 absolutionis
1552 4712 1757 4800 intelligitur,
1779 4729 1813 4781 et
1834 4716 1978 4781 Metumt
2023 4714 2175 4790 Quorum

147 4799 193 4866 ita
206 4802 310 4871 ‚decet
332 4798 476 4887 aliquam
498 4822 616 4869 vocem
639 4822 717 4869 esse
738 4822 818 4868 vere
834 4800 1034 4883 dolentium,
1068 4824 1135 4889 quo
1185 4803 1378 4870 rerniteritis
1408 4813 1551 4888 peccata
1581 4803 1791 4867 remittantur
1822 4802 1884 4881 eis,
1918 4803 1961 4868 de
1992 4798 2108 4870 mulda
2139 4811 2177 4872 d

148 4882 316 4969 fateantur
337 4908 376 4953 se
395 4902 491 4969 reos,
514 4901 547 4956 et
569 4910 609 4955 ae
628 4889 704 4956 Deo
727 4886 914 4971 snbiieiant,
945 4900 981 4956 et
1011 4890 1043 4955 ai
1065 4887 1135 4955 lau·
1186 4884 1330 4976 slngulis
1349 4901 1443 4957 recte
1463 4883 1603 4975 medltgt
1626 4900 1753 4954 certum
1770 4898 1834 4953 est.

148 4973 224 5040 dem
247 4973 391 5040 iustitiae
413 4975 572 5058 tribuant,
604 4976 694 5065 quod
715 4977 804 5043 iuste
825 4976 960 5042 damnet
980 4987 1148 5062 peccata,
1490 5005 1494 5010 ·

148 5069 184 5126 οι
201 5060 294 5127 tuate
313 5062 379 5126 ror
396 5062 523 5148 pentat,
554 5062 597 5130 se
625 5080 750 5130 mrsu
781 5063 926 5130 earnm
946 5062 981 5129 a
1000 5016 1163 5130 narmi
1275 5058 1407 5129 nanae
1434 5071 1472 5128 a
1503 5055 1689 5147 exempt-
1716 5059 1974 5143 amueen,
2011 5056 2070 5128 tn
2097 5079 2177 5128 m·
