4628 5588
404 1889 545 2038 un
616 1888 1134 2041 courcero
1205 1888 1921 2040 serranorum
2071 1780 2194 2105 J

868 2258 1065 2341 PHILIP.
1098 2253 1472 2350 MELANTHON.

822 2474 873 2540 Ex
890 2474 1043 2541 Editione
1064 2472 1315 2560 Witebergeusi
1337 2468 1415 2538 anni
1439 2472 1532 2538 1549.

161 2773 181 2806 ¹
251 2763 349 2830 Multi
383 2763 556 2849 Principes
589 2767 651 2831 viri
681 2763 792 2850 palam
830 2763 975 2830 laterrtur
1014 2762 1146 2829 defendi
1199 2766 1393 2829 nonicorum
1426 2775 1522 2850 grata
1553 2763 1688 2829 licentia
1719 2763 1778 2830 vul
1803 2788 1824 2831 o
1842 2767 1975 2851 impune
1993 2771 2181 2835 scortandi.

90 2922 95 2931 ,
168 2848 379 2930 coelibatum,
403 2871 465 2916 nec
490 2850 662 2936 religione,
687 2873 750 2916 neo
767 2850 1003 2935 superstitione
1025 2850 1147 2937 aliqua,
1198 2850 1341 2935 Propter
1362 2849 1424 2914 has
1447 2869 1569 2915 causas
1591 2850 1707 2916 haeret
1728 2853 1762 2915 in
1814 2850 1938 2917 eclesia
1968 2854 2087 2940 ingens
2112 2865 2182 2920 tur-

166 2939 227 3003 sed
260 2950 386 3002 tantum
420 2939 498 3023 quia
531 2939 733 3003 commodior
762 2951 814 3004 est
846 2940 889 3004 ad
911 2940 1091 3023 potentiam
1114 2950 1147 3003 et
1198 2939 1329 3087 gitudo,
1362 2956 1449 3023 quae
1471 2937 1652 3003 dedecorat
1672 2947 1779 3002 totum
1800 2958 1920 3002 nonen
1943 2936 2180 3006 Christianum.

166 3023 380 3110 splendorem
413 3026 625 3090 sacerdotum
654 3026 872 3091 retinendum.
938 3026 1026 3089 Satis
1060 3026 1147 3089 enim

2226 2136 2257 2205 Ο

1230 3025 1284 3088 oni
1316 3035 1515 3109 agnoscunt,
1544 3035 1703 3109 quantum
1736 3026 1778 3088 sit
1801 3044 1886 3088 onus
1914 3023 2114 3104 coelibatus,
2146 3037 2190 3092 et·
2231 3061 2235 3069 ·

166 3122 310 3190 constat,
334 3131 497 3175 concesso
521 3113 688 3197 coniugio,
722 3126 877 3197 oportere
910 3123 943 3176 et
974 3132 1146 3177 numerum
1198 3108 1463 3196 tolticuperent,
1486 3123 1519 3175 et
1541 3111 1576 3175 hi
1597 3121 1675 3174 suut
1696 3111 1908 3196 paucissimi:
1941 3110 2083 3199 Reliqua
2109 3111 2181 3177 inll-
2218 3126 2245 3197 ’.Ι

167 3210 199 3262 et
220 3218 374 3283 pompam
399 3198 545 3277 diminui,
568 3211 603 3261 ut
634 3197 841 3263 Graecorum
863 3198 1059 3263 sacerdotes
1082 3218 1146 3263 uec
1197 3198 1265 3262 nita
1297 3195 1472 3262 multitudo
1499 3218 1598 3284 qnam
1625 3197 1794 3283 inquinate
1826 3197 1929 3263 vivit?
1994 3197 2101 3272 Quom
2124 3218 2181 3263 ne·

166 3295 275 3347 tantas
317 3303 417 3368 opes,
463 3303 526 3348 nec
562 3284 706 3368 imperia*
737 3284 848 3371 adepti
881 3296 968 3348 suut.
1033 3283 1146 3349 Turba
1197 3281 1312 3367 pharia
1345 3283 1470 3368 flagitia
1493 3295 1674 3365 cernuntur
1696 3284 1822 3351 Romae
1845 3296 1877 3347 et
1899 3281 2005 3351 attuit
2060 3282 2180 3357 Qualis
2234 3298 2237 3303 '

166 3370 264 3434 etiam
285 3379 380 3435 tanta
400 3371 434 3434 in
457 3366 597 3455 singulis
620 3367 802 3448 EcclesiiS,
837 3383 1069 3457 praeterquam
1091 3371 1145 3436 ubi
1197 3380 1249 3433 est
1282 3371 1414 3453 specics
1448 3367 1688 3454 collegiorum,
1725 3372 1758 3432 in
1792 3371 1912 3454 quibus
1946 3380 2024 3434 sunt
2057 3391 2181 3453 magna

166 3452 306 3521 scholae
340 3468 452 3536 erant,
484 3477 552 3521 non
575 3453 644 3520 fuit.
710 3454 834 3523 Nolunt
856 3470 966 3522 autem
989 3456 1145 3541 Episcopi
1197 3457 1329 3541 agmina
1362 3467 1550 3521 scortorum
1579 3467 1611 3519 et
1642 3453 1891 3522 adulterarum?
1956 3455 2047 3520 Haec
2071 3457 2180 3521 rident

165 3554 198 3605 et
226 3541 281 3605 alii
314 3545 477 3608 ambitiosi
511 3536 718 3619 sacerdotes,
751 3535 875 3629 aliquid
910 3545 951 3607 de
974 3543 1146 3627 dignitate,
1197 3543 1352 3626 Epicurei
1387 3540 1566 3606 Pontifices
1599 3563 1641 3605 ac
1675 3542 1864 3625 Principes,
1899 3553 1932 3605 et
1966 3563 2029 3606 nos
2061 3554 2180 3627 putant
2246 3580 2250 3595 ι

165 3640 221 3693 aut
245 3630 287 3692 de
309 3625 487 3711 splendore
511 3628 649 3695 detrahi.
705 3631 842 3697 Accedit
860 3629 944 3709 huc,
967 3630 1058 3714 quod
1080 3628 1145 3693 Rc·
1195 3649 1274 3694 esse
1296 3643 1449 3714 agrestes
1471 3649 1512 3692 ac
1530 3624 1690 3706 stolidos,
1711 3629 1768 3779 gui
1793 3629 1853 3691 has
1877 3625 2013 3692 delicias
2036 3630 2179 3694 arbitra·
2208 3632 2250 3713 J
2292 3624 2302 3642 ⁸

1740 3715 1750 3777 i
1771 3713 1954 3779 iudicarent
1966 3734 2042 3779 esse
2054 3712 2178 3795 Deum,
2213 3742 2216 3747 ·
2246 3716 2252 3793 ἶ

165 3734 242 3799 gum
265 3726 297 3779 et
309 3715 496 3798 Principum
519 3718 616 3780 aulae
635 3727 713 3779 sunt
736 3718 922 3782 ornatiores
946 3728 980 3779 et
991 3711 1145 3800 frequen·
1196 3737 1270 3780 rnur
1288 3713 1579 3799 reprehendendas
1598 3734 1684 3778 esse.

167 3802 268 3864 tiores
299 3798 456 3884 satellitio
480 3801 722 3885 Episcoporum
745 3813 777 3866 et
799 3801 1055 3880 Canonicorum,
1089 3803 1145 3887 qui
1197 3815 1230 3866 et
1264 3822 1343 3866 vere
1376 3803 1475 3866 irasci
1509 3799 1711 3879 lihidinibus,
1745 3819 1871 3886 easque
1893 3803 2021 3885 punire,
2046 3799 2178 3866 lucilius

165 3888 362 3950 comitantur
384 3885 479 3951 aulas
502 3889 574 3952 sine
586 3886 714 3974 Regum
737 3901 880 3973 sumptu.
925 3887 967 3952 Et
989 3888 1044 3952 hic
1068 3908 1144 3953 coe·
1195 3888 1390 3973 persuaderi
1412 3898 1564 3972 possent,
1588 3899 1623 3952 ut
1645 3888 1784 3950 iniustas
1810 3898 1844 3950 et
1866 3889 2059 3973 tyrannicas
2082 3884 2177 3991 leges

63 3970 65 3976 ’
114 4022 128 4045 ,
165 3972 219 4037 tus'
241 3992 363 4056 magno
385 3975 460 4038 usui
484 3986 537 4038 est
560 3973 720 4060 Regibus.
765 3976 850 4040 llinc
868 3986 1041 4042 sumuntur
1061 3971 1144 4038 ludi·
1196 3974 1381 4050 abolerent,
1404 3995 1489 4058 quae
1508 3971 1887 4039 suntiontestantorum
1905 3972 2082 4050 scelerum,
2106 3994 2204 4058 qur·-

165 4080 239 4123 ounr
263 4059 429 4138 decuriae,
452 4058 529 4123 hinc
552 4046 740 4145 deliguntur
762 4060 912 4127 hornines
935 4062 1078 4145 expediti
1102 4061 1144 4126 ad
1197 4063 1260 4125 bus
1295 4057 1448 4124 Ecclesia
1477 4058 1644 4145 polluitur.
1706 4059 1777 4124 Sed
1809 4055 1987 4125 dolendum
2018 4072 2069 4123 est
2091 4061 2176 4124 adeo

165 4143 383 4231 Legationes,
405 4146 447 4209 ad
471 4144 572 4211 multa
596 4160 628 4210 et
650 4148 744 4211 varia
762 4146 890 4231 Regum
903 4148 1046 4234 negotia.
1076 4145 1145 4211 De·
1196 4145 1387 4231 prophanas
1411 4158 1539 4210 urentes
1561 4167 1639 4211 esse
1661 4143 1855 4227 multorum,
1890 4159 1925 4211 ut
1959 4144 2110 4210 libidines
2132 4146 2176 4208 ri·

165 4232 241 4294 inde
274 4229 386 4316 Reges
420 4233 516 4296 etiam
550 4233 738 4297 adfectibus
772 4219 953 4299 nobilitatis
983 4235 1144 4311 serviunt,
1196 4235 1308 4310 deant,
1332 4229 1645 4298 deindedel'endant
1661 4229 1770 4317 legem
1793 4232 1834 4295 dc
1854 4230 2018 4297 coelibatu
2041 4242 2177 4316 propter

159 4338 252 4407 'quae
265 4330 314 4381 est
327 4318 550 4382 inimicissima
564 4319 719 4404 coniugio
732 4322 955 4399 sacerdotum,
967 4331 1145 4404 propterea
1196 4339 1296 4402 opeS,
1332 4330 1364 4382 et
1385 4316 1606 4383 taurentalso
1626 4328 1822 4403 praetexant
1846 4316 2038 4404 religionem
2062 4328 2095 4381 et
2118 4338 2176 4382 no-
2284 4338 2297 4357 ⁰

164 4405 254 4554 guod
275 4405 339 4553 ipsi
362 4417 451 4468 numa
472 4405 596 4486 passim
615 4402 779 4488 opulentis
803 4404 954 4493 collegiis
979 4405 1142 4472 fruuntur.
1196 4426 1270 4471 men
1292 4405 1366 4470 Dei.
1413 4406 1507 4471 Hanc
1530 4401 1761 4470 contumeliam
1784 4407 1925 4468 nominis
1948 4406 1999 4468 sui
2021 4400 2176 4489 profecto

194 4503 280 4554 tmu
296 4503 349 4556 tae
371 4488 516 4555 familiae
538 4491 697 4576 dignitate
720 4503 754 4556 et
775 4490 894 4576 opibus
927 4503 1089 4578 augentur
1111 4495 1158 4556 in=
1196 4489 1290 4555 Deus
1338 4492 1437 4568 uniet,
1459 4492 1611 4586 ut'dicit:
1634 4491 1709 4556 Non
1731 4492 1794 4554 erit
1814 4491 2003 4576 impunitus,
2037 4491 2093 4575 qui
2116 4510 2174 4556 no·

151 4576 230 4643 'hoc
252 4588 342 4642 statu
374 4574 689 4642 Ecclesiasticorum
711 4600 904 4726 procerum.
972 4580 1146 4643 Amitteret
1195 4579 1281 4642 mine
1339 4579 1368 4643 ei
1389 4571 1516 4642 abusus
1538 4574 1648 4643 luerit.

165 4675 274 4725 autem
302 4663 459 4729 nobilitas
499 4660 679 4749 plerasque
735 4685 828 4728 arum
862 4666 1143 4744 commoditatum,
1406 4728 1409 4733 ,

125 4816 129 4825 ,
163 4760 200 4811 ut
222 4745 319 4812 facile
341 4762 452 4833 potest
472 4750 622 4823 iudicari,
641 4750 669 4812 si
693 4751 934 4816 concederetur
956 4752 1145 4836 coniugium
1282 4748 1375 4815 llaec
1408 4749 1551 4835 praefari
1580 4747 1689 4814 volui:
1723 4749 1802 4833 quid
1831 4749 1916 4813 eninr
1946 4768 2029 4833 opus
2057 4759 2109 4813 est
2141 4749 2177 4812 in

109 4904 117 4913 ,
166 4835 416 4913 sacerdotibus,
447 4837 536 4922 quod
569 4848 707 4922 cogeret
736 4833 858 4921 aliquid
888 4838 930 4901 de
950 4836 1031 4901 luxu
1048 4849 1081 4901 et
1103 4838 1144 4902 de
1196 4856 1300 4901 causa
1328 4837 1505 4921 perspicua
1539 4836 1759 4920 disputatione
1792 4831 1880 4900 ulla?
1934 4834 2060 4899 Omnes
2089 4836 2176 4900 enim

167 4917 346 5005 splendore
369 4922 512 4988 diminui.
569 4921 648 4986 ldeo
672 4919 870 4989 coelibatum
892 4923 1058 4988 ambitiosi
1082 4922 1143 4989 Co·
1195 4923 1327 4987 honesti
1349 4935 1382 4986 et
1413 4923 1626 4987 mediocriter
1653 4922 1750 5071 geriti
1771 4922 1943 4986 doctrinae
1966 4919 2207 4986 Christianae·

166 5007 289 5085 nonici,
324 5005 500 5087 Nobilitas
528 5011 567 5074 'et
599 5006 712 5096 Reges
746 5009 809 5093 ipsi
843 5022 935 5074 tanto
965 5029 1145 5088 consensu,
1196 5020 1229 5073 et
1250 5009 1482 5086 historiarum,
1515 5021 1637 5073 norunt
1682 5028 1746 5075 anc
1767 5006 1974 5073 Pontih'ciam
2001 5004 2109 5092 legem
2133 5006 2176 5072 de

165 5093 265 5157 tantis
288 5093 407 5158 studiis
429 5092 619 5162 defendunt.
664 5095 726 5160 Est
748 5097 844 5163 etiam
868 5092 1063 5161 multitudini
1080 5094 1145 5161 Ca·
1166 5079 1172 5189 Ι
1197 5094 1364 5162 coelibatu
1391 5114 1542 5181 pugnare
1564 5116 1638 5162 cum
1664 5093 1736 5159 iure
1757 5091 1954 5193 naturaliet
1976 5094 2107 5171 divino,
2141 5104 2176 5158 et

321 5198 729 5277 urtinchorcmomxru.
1141 5226 1147 5261 Ι
1783 5256 1786 5263 .
1969 5214 2003 5268 4³
