4628 5588
108 183 211 271 ..615
704 170 1526 257 ...rumamuscarrmooonamos
1575 200 1580 209 ·
1968 158 1973 167 ’
2094 166 2161 237 olo

144 374 237 461 lugia
259 368 336 437 illos
358 372 465 457 ipsos,
487 369 544 455 qui
563 378 645 437 vota
666 364 833 445 fecerant,
855 367 888 431 si
906 385 974 431 non
996 374 1132 429 servent
1181 364 1326 450 tyribus.
1369 362 1497 433 Horam
1529 368 1616 435 onim
1647 368 1750 437 fiebat
1775 371 1899 435 merttio
1929 367 1965 433 iu
2021 365 2163 431 reostio·

144 459 357 547 promissum.
402 456 438 522 ln
460 452 574 521 libello
597 457 639 520 de
661 452 877 539 eleemosyna
897 452 1023 538 inquit:
1052 472 1130 536 pec·
1180 452 1291 529 nibus,
1312 471 1389 516 curn
1408 468 1591 538 agerentur
1612 457 1742 541 gratiae
1756 453 1844 536 Deo,
1865 456 1956 543 quod
2015 451 2056 517 'os
2072 452 2164 521 adiu·

145 558 222 611 cata
259 556 340 609 ante
378 543 578 627 baptismum
620 542 798 605 commissa
836 540 957 616 remitti
993 549 1131 621 propter
1180 537 1297 603 visset.
1342 536 1438 603 Sicut
1460 538 1613 609 Graecus
1636 541 1754 611 Canon
1774 543 1855 610 dicit
1865 565 1880 617 r,
1897 539 2075 609 cemimus
2098 558 2162 624 pro

144 630 269 699 Christi
291 629 496 716 passionem,
518 629 579 693 sed
601 640 679 712 post
697 629 894 713 baptismum
929 624 1128 691 merendam
1179 620 1403 704 Patriarchis,
1435 622 1625 711 Prophetis,
1645 625 1838 714 Apostolis,
1872 629 2000 705 idest,
2032 624 2164 712 agimus
2203 668 2208 675 -

145 738 224 785 esse
245 717 478 783 remissionem
508 735 569 799 per
602 711 850 799 eleemosynas.
893 647 929 775 id

145 801 335 887 delapsis,
368 815 600 884 consumptum
622 820 701 863 esse
723 798 920 865 beneficium
943 796 1067 863 Christi
1094 796 1126 859 in
1179 794 1322 880 elegisti,
1344 797 1523 881 redemisti,
1546 803 1765 869 sanctificasti
1787 814 1856 869 etc.
1887 800 1982 867 llaec
1997 796 2163 871 fuitiuitlo

145 891 323 972 baptismo,
342 899 460 972 postea
480 907 542 970 per
564 882 796 970 eleemosynas
816 885 1039 968 quaerendam
1051 901 1128 950 esse
1179 882 1345 949 sententia
1365 882 1484 951 horum
1504 891 1696 968 vorborum,
1720 908 1789 955 non
1810 889 1996 975 petebatur,
2018 895 2054 951 ut
2075 900 2165 951 mor·

99 1038 101 1043 .
144 975 386 1039 remissionem.
432 972 524 1037 llaec
546 984 623 1036 sunt
645 969 745 1056 plena
773 970 1006 1048 absurditatis,
1040 989 1127 1053 quae
1179 969 1245 1033 tuis
1268 966 1362 1033 Deus
1385 968 1513 1037 relaxet
1530 995 1667 1059 poenas.
1702 976 1828 1041 Postea
1849 981 2066 1040 accesserunt
2081 981 2165 1035 tem·

119 1061 332 1135 ,admonitus
361 1058 448 1125 haud
482 1060 582 1126 dubie
615 1058 833 1134 correxisset,
853 1055 929 1120 Non
957 1056 1058 1141 igitur
1080 1055 1128 1118 di·
1178 1075 1263 1139 pore
1284 1052 1391 1119 maluo
1416 1059 1601 1141 opiniones,
1629 1072 1664 1127 et
1686 1063 1806 1145 partim
1828 1062 1935 1127 verba
1955 1058 2069 1144 priora
2089 1075 2162 1121 mu·

143 1158 200 1213 cta
222 1146 329 1231 ipsius
350 1146 462 1214 omnia
481 1165 544 1231 pro
567 1145 776 1231 dogmatibus
798 1140 952 1208 habenda
973 1152 1061 1207 suut.
1179 1151 1249 1205 tata
1271 1151 1360 1219 sunt,
1374 1145 1501 1290 partim
1523 1160 1652 1214 retenta
1678 1150 1785 1215 forma
1812 1159 1962 1213 veterum
1982 1144 2165 1211 vorborum

1180 1223 1269 1291 alind
1304 1229 1373 1292 inte
1401 1232 1466 1294 exit
1498 1235 1697 1316 posteritas,
1738 1254 1837 1320 quam
1872 1234 2004 1318 priores
2035 1222 2167 1293 intelle·

158 1342 160 1348 ·
230 1316 287 1383 Da
316 1337 422 1383 coena
443 1313 577 1381 Domini
604 1310 692 1381 solet
723 1315 770 1381 uti
803 1315 917 1380 verbis
950 1310 1128 1380 oblationis
1178 1326 1308 1379 xerunt.

50 1400 67 1422 ‘'
145 1414 178 1473 et
206 1403 379 1479 sacrificii,
414 1401 503 1467 sicut
531 1403 673 1480 caeteri,
705 1403 762 1485 qui
790 1401 902 1467 dicunt
922 1402 1129 1487 promiscue:
1252 1424 1255 1429 ·

146 1486 327 1567 Offerimus
361 1488 551 1566 orationes,
571 1486 749 1553 differimus
770 1506 901 1570 panem,
924 1487 1048 1565 vinum,
1069 1481 1128 1549 Ol·
1266 1482 1359 1571 Ergo
1381 1488 1569 1554 testimonia
1590 1493 1794 1578 antiquitatis
1822 1510 1891 1555 non
1913 1488 2168 1574 patrocinantur

144 1572 285 1641 ferimus
309 1594 433 1661 corpus
455 1585 490 1639 et
511 1575 706 1677 sanguinem
729 1569 865 1651 Christi,
887 1570 971 1639 Nam
993 1573 1026 1636 id
1049 1592 1130 1656 quo·
1181 1573 1425 1637 recentioribus
1447 1577 1629 1657 abusibus,
1658 1598 1745 1664 quaa
1767 1578 1885 1663 partim
1907 1573 2017 1641 aliena
2038 1588 2117 1639 sunt
2143 1592 2168 1636 a

145 1680 213 1749 que
246 1662 411 1747 reperitur
443 1662 530 1744 apud
562 1658 776 1746 Cyprianum.
828 1658 913 1724 ilinc
946 1659 1129 1723 adversarii
1181 1659 1415 1740 praesentibus
1437 1664 1606 1742 moribus,
1628 1664 1750 1751 partim
1779 1665 1808 1726 si
1831 1663 1910 1749 quid
1928 1661 2055 1727 babent
2079 1658 2166 1736 vitii,
2233 1666 2236 1671 '

144 1748 253 1813 nostri
275 1757 411 1821 sumunt
432 1748 633 1825 testimonia,
655 1747 698 1810 ad
720 1744 965 1811 defendendam
986 1743 1129 1830 propha-
1181 1763 1249 1807 non
1284 1746 1407 1810 debent
1439 1750 1563 1832 opponi
1597 1750 1700 1816 firmis
1733 1750 1933 1816 testimoniis
1965 1748 2169 1832 scripturae,

144 1828 473 1901 nationem'Coenae
493 1830 631 1897 Domini
651 1834 686 1897 in
707 1832 814 1897 Missa
834 1833 965 1917 privata
982 1842 1047 1898 etc.
1182 1830 1262 1915 quia
1282 1832 1380 1895 etiarn
1409 1830 1557 1919 reliquae
1579 1849 1709 1902 aetates
1738 1837 1927 1902 habuerunt
1958 1854 2020 1901 sua
2041 1835 2168 1898 iucom-

1182 1916 1292 1982 moda.
1336 1916 1432 1983 Haec
1451 1919 1698 2000 simplicissime
1720 1926 1794 1989 sine
1817 1920 2005 2008 sophistica
2025 1936 2169 2004 respon·

105 2008 117 2037 l
235 2002 362 2092 Magna
384 2005 437 2070 vis
466 2016 520 2069 est
540 2005 803 2083 consuetudinis,
825 2016 860 2068 et
880 2002 969 2069 hanc
991 2022 1132 2088 sequen·
1184 2002 1249 2067 deo
1271 2003 1313 2067 ad
1337 2006 1442 2070 verba
1460 2004 1648 2075 oblationes
1670 2020 1704 2075 et
1726 2009 1894 2076 sacrificii.

82 2142 89 2157 .
147 2102 199 2157 tos
221 2111 325 2177 saepe
353 2091 531 2176 improprie
558 2087 740 2175 loquuntur
767 2089 937 2168 homines,
969 2087 1014 2154 Ut
1031 2109 1131 2161 mune

145 2174 287 2243 Missam
311 2178 467 2255 dicimus,
501 2197 577 2241 cunt
607 2173 688 2241 nulli
720 2188 800 2241 nota
820 2175 862 2240 sit
890 2176 1033 2240 nominis
1061 2186 1132 2259 ety-

24 2260 34 2269 ”
74 2322 78 2331 ,
110 2300 114 2311 -
144 2261 303 2350 orologio.
349 2263 399 2327 lta
420 2273 554 2327 veteres
576 2264 778 2327 retinuerunt
802 2258 969 2327 vocabula
991 2258 1131 2326 oblatio·

144 2351 199 2415 nis
220 2361 254 2414 et
276 2347 452 2425 sacrificii,
485 2368 551 2411 non
581 2348 758 2411 admodum
787 2359 943 2412 curantes
971 2341 1131 2432 etymolo·
1581 2400 1586 2409 ,

146 2437 253 2521 ςὶαω,
274 2446 332 2498 aut
352 2434 521 2518 propriam
550 2433 836 2518 significationem.
880 2431 923 2496 Et
950 2433 1028 2517 quia
1049 2432 1132 2496 vidit
1543 2424 1609 2508 De
1638 2425 1798 2511 Basilio,
1829 2477 1836 2483 -
1909 2464 1929 2495 ο

145 2521 358 2607 Augustinus
380 2516 504 2667 alitpuid
532 2520 567 2583 in
601 2518 652 2583 bis
673 2517 955 2604 appellationibus
983 2537 1061 2593 esse
1082 2518 1131 2581 in·
1359 2525 1366 2539 ⁶

146 2605 326 2685 commodi,
347 2606 422 2689 ipso
457 2605 545 2682 coiit,
568 2604 793 2685 Sacrificium,
823 2605 947 2690 inquit,
970 2602 1036 2668 dici
1066 2623 1130 2687 pro

144 2694 305 2759 memoria
328 2690 495 2772 sacrificii,
517 2702 550 2755 et
565 2690 768 2757 oblationem
784 2712 845 2775 pro
862 2692 1020 2755 memoria
1037 2688 1129 2755 obla·
1269 2688 1304 2753 ln
1316 2688 1443 2756 Basilio
1466 2705 1581 2761 extant
1601 2692 1695 2761 utilia
1712 2693 1910 2772 testimonia,
1931 2688 2169 2770 DaTrinitate,

111 2824 117 2831 -
145 2779 259 2845 tionis.
304 2776 377 2843 Hae
399 2792 478 2843 sunt
498 2781 735 2864 metonymiae‚
756 2789 793 2843 ut
814 2778 964 2855 dicimus,
996 2774 1130 2841 Pascha
1183 2776 1286 2840 etde
1320 2776 1540 2861 poenitentia,
1573 2780 1890 2846 matranorum.
1936 2778 1973 2842 ln
2004 2777 2170 2841 concione

144 2885 208 2949 pro
226 2866 397 2943 memoria,
420 2884 481 2930 seu
503 2864 601 2951 signo
624 2866 796 2929 transitus.
825 2864 893 2929 Sed
910 2859 990 2928 uolo
1014 2873 1131 2949 argute
1183 2864 1225 2927 de
1248 2859 1431 2929 humilitate
1454 2869 1553 2930 tradit
1576 2869 1743 2953 egregiam
1761 2865 1961 2931 sententiam
1984 2865 2026 2929 de
2043 2863 2169 2927 iustitia

144 2947 201 3016 vel
223 2950 434 3035 interpretari
468 2948 523 3015 rel
551 2971 715 3015 excusare
747 2949 948 3015 locutionem
976 2950 1131 3014 usitatam
1183 2948 1271 3025 lidei,
1307 2966 1393 3033 quae
1425 2954 1523 3016 nobis
1540 2968 1672 3037 ,apter-te
1706 2953 1945 3036 patrocinatur.
1989 2951 2066 3016 Sine
2098 2946 2171 3013 ulla
2232 3020 2236 3025 ,

144 3034 236 3102 illius
259 3038 432 3121 temporis.
477 3038 536 3101 Sic
559 3038 644 3100 enim
666 3033 812 3121 populus
834 3034 1052 3120 loquebatur,
1075 3035 1131 3119 qui
1184 3034 1375 3119 Sophistica
1404 3036 1544 3103 detrahit
1572 3039 1836 3103 iustiticatiortent
1865 3038 1964 3101 bonis
1998 3035 2170 3121 operibuS,

145 3124 311 3187 interdum
335 3124 452 3205 recipit
472 3124 684 3208 impropriam
707 3143 835 3188 vocem.
1184 3142 1246 3186 nec
1269 3117 1415 3206 loquitur
1449 3124 1490 3188 de
1513 3124 1811 3205 ceremonialibus,
1844 3124 1906 3188 sed
1940 3124 1982 3188 de
2015 3122 2169 3187 omnibus

1184 3208 1382 3282 virtutibus,
1416 3232 1479 3275 nec
1510 3223 1633 3276 tantum
1663 3210 1809 3297 loquitur
1836 3212 1878 3274 de
1911 3209 2069 3292 operibus
2092 3217 2171 3270 ante

233 3292 392 3359 irenaeus
417 3289 508 3358 clare
531 3293 609 3359 dicit
631 3292 719 3357 hanc
741 3289 942 3358 oblationem
961 3310 1039 3356 esse
1057 3310 1133 3377 gra·
1184 3296 1447 3375 renovationem,
1471 3300 1530 3362 sed
1555 3300 1597 3361 de
1610 3300 1787 3364 virtutibus
1808 3298 1841 3361 in
1864 3295 2046 3373 renovatis,
2068 3293 2171 3357 aciu-

47 3434 51 3441 .
145 3380 265 3445 tiarmn
289 3381 467 3446 actionem.
496 3378 585 3444 ldem
608 3381 796 3444 sentiebant
819 3378 952 3458 caeteri,
974 3390 1009 3445 ut
1033 3389 1132 3442 tosta·
1185 3381 1242 3445 bet
1264 3383 1400 3459 sentiro,
1422 3386 1512 3469 quod
1531 3382 1605 3449 sola
1628 3383 1749 3450 ilducia
1770 3382 2019 3450 misericordias
2030 3392 2169 3466 propter

146 3477 201 3532 tur
223 3486 347 3531 nomen
370 3463 621 3543 Eucharistiae,
646 3465 758 3538 Quare
781 3478 956 3529 senserunt
979 3485 1056 3531 esse
1080 3485 1132 3529 ee·
1185 3464 1355 3533 Christum
1377 3471 1561 3555 promissae
1582 3471 1658 3535 iusti
1680 3473 1794 3535 simus.

145 3554 344 3631 romaniam,
369 3573 437 3637 qua
454 3564 600 3655 aguntur
618 3552 755 3638 gratiae.
800 3551 835 3615 id
858 3548 941 3615 nihil
962 3553 1062 3617 hahet
1084 3552 1132 3616 in·

147 3638 327 3705 commodi.
372 3637 566 3741 Accipimus
589 3641 693 3717 enim,
720 3649 757 3703 ut
778 3640 1013 3703 admoneamur
1035 3639 1132 3704 bene·
1456 3640 1571 3708 Verba
1592 3643 1664 3707 eius
1687 3641 1773 3707 baec
1793 3650 1890 3707 sunta

145 3720 213 3789 licii
234 3722 336 3788 nobis
355 3726 467 3789 donatr
497 3746 518 3789 a
540 3722 693 3803 Christo,
727 3736 759 3789 et
781 3724 878 3789 fidem
897 3725 1132 3801 exuscitemus,
1188 3723 1196 3735 “

38 3826 41 3833 ·
147 3809 269 3913 deinde
291 3818 434 3914 agamus
463 3812 588 3896 gratias
611 3832 672 3916 pro
695 3832 740 3914 eo
760 3808 941 3891 beneficio,
971 3830 1039 3915 uec
1055 3811 1132 3875 inde
1272 3811 1361 3879 Dicit
1384 3825 1493 3879 autem
1516 3778 1721 3901 Apostolus:
1757 3812 1821 3886 Qui
1843 3810 2023 3899 gloriatur,
2041 3810 2076 3875 in
2097 3806 2170 3875 Do·

74 3910 77 3919 ·
147 3906 312 3981 sequntur,
334 3895 369 3960 td
391 3915 476 3982 opus
498 3919 561 3982 pro
578 3894 652 3961 ahts
675 3893 863 3963 factendam
875 3916 964 3975 esse,
986 3892 1060 3961 alus
1076 3917 1132 3980 ap·
1184 3897 1273 3963 mino
1296 3895 1469 3983 glorietur,
1491 3901 1620 3979 dicens,
1642 3901 1733 3985 quod
1756 3898 1912 3965 Christus
1935 3898 2033 3963 nohis
2054 3895 2168 3963 factm

144 3977 342 4067 plicaudum
364 4000 443 4046 esse
466 3994 531 4047 etc.
576 3982 668 4048 llaec
690 3997 838 4049 monstra
862 3984 1053 4068 nequidem
1077 4003 1133 4047 co·
1184 3985 1227 4048 sit
1266 3985 1430 4069 sapientia
1472 4005 1493 4049 a
1525 3983 1620 4064 Deo,
1653 3987 1794 4064 iustitia,
1837 3983 2084 4062 sanctificatio,
2134 3992 2195 4053 et.

170 4066 295 4133 itarunt
317 4066 449 4132 Patres.
493 4066 586 4153 Ergo
618 4090 692 4133 cnm
722 4066 863 4155 legimus
887 4091 1007 4134 nomen
1031 4070 1133 4133 sucri-
1183 4066 1425 4154 redemptio,ut
1446 4073 1533 4137 sicut
1554 4076 1795 4157 scriptumest,
1816 4069 2021 4158 gloriaturos
2042 4073 2076 4137 in
2097 4064 2171 4132 Do·

145 4087 213 4219 icti
236 4165 269 4219 et
292 4150 487 4233 oblationis,
509 4152 729 4241 hrtelligamus
751 4167 809 4220 aut
831 4156 966 4241 signum
974 4154 1133 4231 ‚merifiett
1182 4156 1272 4221 mino
1292 4153 1466 4241 glorietur.
1509 4157 1602 4223 llaec
1625 4172 1678 4223 est
1700 4159 1785 4223 enirn
1807 4154 1959 4261 perfecta
1982 4166 2016 4221 ot
2036 4156 2171 4242 integra

146 4248 181 4304 et
202 4236 399 4320 oblationis,
420 4253 479 4308 aut
500 4243 683 4327 gratiarum
704 4242 882 4323 actionem,
904 4262 973 4307 non
995 4238 1134 4328 ellinga-
1184 4240 1339 4328 gloriatio
1359 4243 1392 4307 in
1414 4241 1509 4321 Deo,
1543 4247 1676 4331 quando
1698 4265 1741 4310 na
1763 4244 1897 4329 quidem
1917 4251 2056 4344 propter
2076 4242 2171 4307 iusti·

123 4344 223 4411 ¹uatus
242 4325 503 4414 applicationem
523 4349 585 4412 pro
609 4324 695 4392 aliis.
1183 4329 1260 4393 tiam
1283 4349 1378 4395 suam
1400 4328 1521 4415 aliquis
1543 4330 1689 4409 effertur,
1713 4330 1774 4396 sed
1796 4330 1951 4417 agnoscit
1966 4328 2030 4393 subi
2048 4328 2171 4393 deesse

1184 4435 1297 4481 veram
1318 4416 1488 4493 iustitiam,
1513 4415 1579 4482 fide
1602 4432 1712 4483 autem
1733 4414 1809 4481 sola
1830 4418 1864 4481 in
1886 4412 2056 4481 Christum
2076 4413 2171 4481 iusti·

87 4502 93 4515 '
182 4560 188 4575 ,
232 4492 404 4563 Interdum
425 4518 493 4565 uno
513 4501 648 4565 nornine
664 4511 788 4565 vocant
799 4496 1012 4577 oblationem,
1031 4510 1134 4564 toturn
1183 4499 1289 4582 ficari,
1312 4514 1344 4566 et
1367 4500 1529 4587 gloriatur
1551 4501 1677 4568 Paulus
1699 4523 1739 4567 se
1761 4503 1935 4587 despicere
1956 4520 2051 4565 suam
2075 4500 2169 4565 iusti·
2230 4516 2236 4525 ·

19 4648 21 4655 ,
144 4578 229 4647 illud
251 4585 437 4671 negotium,
459 4588 548 4670 quod
572 4587 615 4650 ibi
627 4596 761 4673 agatur,
782 4581 947 4665 videlicet,
965 4585 1134 4652 orationes
1184 4589 1281 4667 tiam,
1316 4609 1480 4674 quaerere
1503 4604 1612 4656 autem
1635 4590 1701 4654 iide
1723 4608 1783 4676 per
1805 4586 1974 4654 Christum
1996 4586 2168 4664 iustitiam,

145 4676 182 4735 et
204 4688 344 4733 coenam
367 4667 514 4750 Domini,
558 4670 632 4738 lico
654 4693 730 4738 cum
751 4671 800 4753 iit,
821 4672 993 4738 orationes
1014 4669 1135 4738 intolli-
1185 4694 1272 4761 quae
1288 4694 1331 4739 ex
1351 4672 1427 4740 Deo
1451 4686 1516 4741 est.

147 4764 269 4843 gantur
290 4775 370 4821 esse
395 4754 594 4823 oblationes.
1556 4812 1561 4821 .

1272 4844 1365 4912 llaec
1385 4848 1489 4913 verba
1523 4847 1607 4912 satis
1630 4847 1828 4924 ostendunt,
1855 4841 2019 4911 Basiliam
2040 4843 2093 4911 sic
2118 4843 2169 4909 in·

233 4924 284 4990 Le
333 4937 412 4993 ntur
440 4929 540 4994 etiam
568 4930 658 5014 apud
692 4927 893 5017 Cyprianam
922 4929 964 4995 de
996 4935 1151 4996 mortuis·
1186 4927 1356 4999 tellexisse
1377 4935 1533 5001 iustitiam
1556 4931 1651 5011 fidei,
1685 4933 1774 5018 quod
1796 4931 2005 4998 sentiendum
2032 4932 2078 4996 sit
2103 4949 2169 4996 nos

169 5014 313 5081 uaedam
337 5014 456 5095 verba,
478 5035 565 5102 quae
586 5017 795 5083 recentiores
815 5014 904 5081 malo
925 5017 1136 5101 detorquent,
1184 5028 1322 5106 propter
1343 5017 1511 5087 Christum
1534 5039 1594 5106 per
1615 5019 1875 5085 misericordiam
1896 5017 2023 5097 iustos,
2045 5017 2080 5083 id
2101 5026 2168 5096 eat,

196 5096 323 5166 crificia
343 5118 406 5185 pro
428 5100 478 5167 ais
500 5099 683 5183 offerimus,
705 5101 768 5169 sed
788 5101 975 5183 haecdicit
994 5102 1136 5179 dellar·
1185 5117 1345 5191 acceptos
1368 5124 1459 5186 esse,
1481 5124 1549 5170 non
1571 5119 1710 5193 propter
1729 5106 1886 5191 proprias
1907 5105 2058 5173 virmtaa

488 5404 501 5443 l

931 733 984 777 ent
1006 711 1129 795 repetit
1180 710 1325 795 gratia's,
1356 712 1447 795 quod
1469 710 1657 781 Ecclesiam
1683 718 1762 783 inde
1789 735 1896 802 usque
1916 715 1960 779 ab
1982 713 2076 779 initio
2103 708 2165 789 tibi
2276 774 2279 779 .
