4628 5588
169 356 377 432 suscitatum,
399 355 484 436 λόγον
505 358 557 417 και
577 351 676 419 sirim
698 375 752 419 σου
773 351 891 435 ἀΐδιον,
919 374 1019 440 quem
1045 353 1150 419 volui·
1287 358 1336 421 tlt.
1380 353 1528 419 Tertia
1555 355 1842 422 consideratio
1864 368 1919 422 ast
1938 360 2181 433 conversionis,

169 443 214 507 sti
233 463 295 526 pro
313 442 411 505 nobis
433 460 511 503 esse
532 440 715 518 victimam,
738 445 789 503 rat
809 449 950 522 μεσίτῃ,
972 445 1023 505 rai
1044 446 1149 523 ἱκέτην,
1200 438 1303 505 Dicat
1324 440 1412 505 eninr
1434 438 1568 525 aliquis:
1591 441 1677 514 Quid
1700 440 1832 526 petami
1854 465 1929 509 cum
1946 447 2108 530 scriptum
2124 446 2181 513 sita

171 538 204 597 et
227 525 401 592 sanctifica
422 545 475 589 me
496 525 760 611 Spiritu'sancto
782 538 853 605 tuo,
872 537 934 591 otc.
1201 524 1405 590 Peccatores
1438 523 1533 591 Deus
1567 548 1635 593 uon
1669 528 1812 594 exaudit.
1858 526 1922 593 llic
1955 532 2099 597 tenenda
2130 542 2184 599 est

1202 632 1269 675 vox
1292 613 1478 677 iuramenti:
1503 611 1687 697 Viv0‚ego,
1711 613 1789 677 dicit
1800 613 1974 693 Dominus,
1998 615 2077 680 nolo
2095 638 2182 682 mor·

256 696 360 762 Simul
384 697 484 760 etiam
506 696 629 780 cogitet
652 714 746 760 mens
774 697 816 761 de
838 697 1049 762 distinctione
1101 716 1151 760 er·
1201 710 1268 762 teor
1289 699 1497 782 peccatoris.
1527 699 1587 762 sed
1608 713 1645 764 ut
1667 706 1881 765 convertatur
1908 712 1941 765 et
1962 703 2063 767 vivat.
2105 702 2183 767 Non

170 805 340 851 sewun.
384 780 485 847 Pater
516 795 569 847 est
598 801 745 928 persona
779 803 866 867 quae
894 784 1008 868 genuit
1034 716 1150 846 Filium
1201 794 1396 866 perseveret
1417 787 1579 849 invocans
1600 786 1632 850 in
1655 784 1843 851 sceleribus
1866 799 1984 853 contra
2007 788 2183 854 conscion-

171 870 276 952 λόγον,
305 881 339 933 et
373 888 434 953 per
464 874 538 931 eum
559 878 630 932 vut
652 868 880 945 innotescere,
903 880 937 934 et
963 890 1041 934 eum
1067 866 1151 933 Filio
1201 870 1291 948 tiam,
1308 870 1370 933 sed
1393 890 1473 934 vere
1495 882 1709 936 convertatur
1726 871 1901 938 adDeum.
1930 872 1973 939 Et
1984 874 2018 939 in
2033 870 2182 959 qnalibet
2223 922 2226 927 ,

172 967 205 1021 et
247 954 374 1039 Spiritu
416 965 536 1017 sancto
574 973 690 1018 omnes
729 967 901 1018 creaturas
937 955 1084 1019 condidit
1118 966 1151 1018 et
1202 974 1283 1019 vera
1303 955 1515 1021 invocatione
1537 955 1573 1021 fit
1594 948 1796 1023 aut'crescit
1818 960 1996 1025 conversio
2018 981 2081 1025 seu
2102 980 2183 1044 poa·

172 1052 350 1117 sustentat,
375 1051 408 1103 et
429 1040 461 1104 in
479 1037 650 1124 Baptismo
671 1036 746 1103 Filii
768 1040 861 1106 dicit:
883 1038 945 1107 llic
975 1051 1027 1105 est
1048 1037 1150 1105 Filius
1201 1041 1338 1105 nitentia
1359 1043 1402 1106 ad
1425 1040 1544 1107 Deum.
1589 1040 1658 1107 loel
1678 1042 1711 1106 9.
1755 1042 1906 1113 Scindite
1928 1046 2035 1110 corda
2054 1057 2183 1125 vestra,

171 1148 265 1194 meus
288 1124 441 1204 dilectus,
464 1136 528 1188 etc.
1201 1138 1235 1191 et
1257 1128 1486 1193 convertimini
1506 1129 1549 1193 ad
1571 1127 1748 1195 Dominum
1771 1128 1881 1196 Deum
1909 1143 2075 1212 vestrum,
2105 1128 2190 1216 quit'

18 110 67 145 ”
168 166 214 235 aa
503 152 506 157 ’
572 168 580 185 ·
729 208 732 213 -
841 165 879 235 ιι
923 163 1116 233 exures
1136 164 1518 255 onomasnouurt.

256 1294 360 1361 Filius
383 1297 570 1361 nominatur
591 1295 690 1376 λόγος,
712 1306 745 1360 et
762 1307 917 1381 respectu
930 1295 1051 1374 Patris,
1073 1297 1151 1382 quia

172 1397 224 1450 est
246 1384 375 1468 integra
393 1383 463 1446 eius
479 1383 602 1466 imago,
620 1394 654 1446 et
673 1394 830 1466 respectu
847 1384 965 1462 nostri,
980 1384 1058 1467 quia
1100 1403 1150 1449 er·

171 1490 256 1535 sona
279 1481 341 1546 est,
363 1468 406 1532 ad
428 1466 616 1531 Ecclesiam
639 1470 761 1547 missa,
784 1479 818 1531 ut
838 1470 980 1553 primum
1001 1489 1062 1553 pro
1078 1481 1150 1533 erat

50 1588 63 1615 t
173 1576 213 1620 cx
236 1556 311 1619 sinu
340 1554 449 1619 Patris
478 1555 662 1618 mirandum
693 1554 862 1617 decretum
891 1556 932 1619 de
955 1552 1150 1619 reconcilia-

170 1643 260 1725 tipne
283 1652 316 1704 et
338 1640 545 1706 restitutione
565 1641 654 1704 vitae
679 1654 855 1718 aeternae,
884 1642 972 1727 quod
996 1641 1149 1704 omnibus

172 1728 334 1793 creaturis
367 1726 517 1789 ivnotum
550 1736 619 1802 est,
653 1738 686 1788 et
718 1726 877 1809 deinceps
905 1744 1037 1809 semper
1064 1726 1151 1789 adsit

170 1810 357 1887 Ecclesiae,
380 1777 525 1876 illustret
551 1812 804 1895 promissionem
833 1813 864 1874 in
890 1811 1085 1960 Prophetis,
1119 1822 1151 1875 et

171 1911 337 1963 sustentet
359 1909 392 1961 et
414 1899 567 1961 restituat
589 1898 803 1961 ministerium
825 1896 963 1984 Evange
978 1898 1016 1975 ii,
1039 1908 1073 1962 et
1094 1899 1150 1962 im-

60 1993 65 1999 ’
170 1985 313 2049 mediate
340 1980 462 2048 ellicax
490 1985 594 2075 sitqin
618 2003 658 2046 eo
688 1983 881 2061 ministerio,
917 1998 950 2048 et
977 1994 1150 2067 assumpta

170 2069 315 2133 humana
338 2082 456 2134 natura
485 2070 529 2133 sit
550 2068 739 2153 propitiatio
761 2090 823 2153 pro
845 2071 962 2149 nobis,
984 2079 1017 2133 et
1039 2080 1151 2135 osten·

172 2156 245 2234 dat,
274 2156 439 2240 quomodo
470 2152 570 2218 l‘ater
592 2154 829 2241 agnoscendus
852 2157 896 2220 sit
924 2155 999 2238 ipso
1021 2156 1150 2242 agnito,

132 2292 136 2301 .
172 2254 206 2308 ct
232 2253 269 2305 ut
296 2243 368 2325 ipse
395 2241 439 2303 sit
465 2236 589 2304 efficax
611 2242 642 2304 in
666 2240 866 2319 ministerio,
886 2241 974 2305 dicat
997 2237 1152 2306 consola·

175 2328 297 2391 tionem
327 2347 413 2391 voce
435 2323 625 2411 Evangelii,
647 2324 791 2391 vivificet
815 2328 1008 2405 credentes,
1036 2337 1151 2392 servet

171 2414 388 2478 ministerium
408 2408 592 2498 Evangelii,
615 2412 707 2475 iuxta
730 2413 868 2476 dictum:
892 2411 960 2477 Dat
982 2414 1070 2476 dona
1092 2411 1151 2476 h'o·

171 2500 325 2576 minibus,
347 2509 411 2562 eto.
445 2496 489 2560 Et
509 2519 568 2581 per
589 2499 698 2582 ipsum
721 2500 815 2563 detur
838 2497 982 2582 Spiritus
999 2509 1151 2573 sanctuS,

171 2585 259 2649 sicut
291 2604 453 2667 expresse
475 2584 508 2647 in
530 2584 626 2648 Actis
650 2584 786 2663 dicitur,
817 2584 925 2667 capite
947 2584 978 2647 2.
1022 2581 1152 2648 Dextra

170 2668 235 2734 Dei
250 2667 413 2736 exaltatus
427 2671 680 2754 promissionem
698 2669 842 2754 Spiritus
859 2672 964 2734 sancti
981 2671 1151 2753 accipiens

173 2774 195 2821 a
216 2754 327 2833 Patre,
349 2755 464 2821 effudit
484 2775 571 2833 eum,
592 2768 657 2820 etc.
701 2755 744 2820 Et
765 2767 859 2821 recte
879 2757 983 2841 inquit
1005 2755 1151 2821 Athana·

170 2842 256 2906 slus:
296 2841 635 2927 Quandocunque
679 2843 835 2907 dicitur
878 2862 976 2907 esso
1009 2845 1048 2908 in
1080 2841 1151 2906 lto-

168 2929 274 2992 mine
290 2925 478 3010 Spiritus
500 2940 690 3008 sanctus,
715 2939 780 2992 est
800 2928 857 2992 ibi
878 2946 949 3011 per
971 2931 1150 2995 verbum.

257 3097 437 3181 Spiritus
456 3109 623 3162 sanctus
646 3110 698 3162 est
720 3099 864 3185 agitator
881 3112 1038 3247 tanquam
1059 3099 1151 3166 llam-

173 3203 238 3262 ma,
260 3203 346 3268 quae
364 3185 517 3248 accendit
547 3183 686 3248 affectus
714 3185 747 3247 in
778 3186 879 3248 corde
906 3200 937 3250 ta
954 3206 1010 3264 ει,
1040 3183 1149 3271 qualis

170 3270 245 3352 ipse
266 3278 330 3346 est,
353 3291 499 3334 amorem
522 3267 597 3348 Dei,
622 3281 655 3333 et
677 3267 833 3334 laetitiam
855 3274 888 3334 in
900 3270 986 3349 Deo,
1011 3284 1044 3335 et
1066 3269 1149 3335 alias

171 3357 321 3421 virtutes.
349 3355 435 3435 λόγος
457 3356 601 3421 ostendit
622 3357 720 3419 menti
734 3354 866 3420 Patrem
889 3372 922 3420 et
943 3354 1148 3422 voluntatem

170 3439 293 3519 Patris,
315 3462 400 3506 voce
411 3440 586 3506 Evanrelii
608 3443 757 3505 notitiam
779 3444 981 3521 accendens,
1005 3444 1148 3528 Spiritus

169 3537 309 3593 sauctus
331 3541 385 3592 est
405 3530 484 3594 vira
505 3494 638 3592 danna
658 3529 813 3613 agitatrix
834 3531 869 3594 in
891 3531 1003 3593 corde.

256 3697 328 3763 llae
338 3700 557 3784 proprietates
568 3719 787 3784 personarum
798 3702 831 3763 in
843 3721 924 3764 vera
941 3699 1151 3766 invocatione

166 3785 370 3869 'cogitandae
392 3798 487 3862 sunt,
517 3798 550 3850 et
571 3786 862 3871 saepeprolessio
891 3785 1041 3873 Symboli
1069 3789 1150 3850 reci·

172 3873 274 3934 tanda
297 3884 359 3951 est,
382 3883 417 3935 et
434 3871 653 3937 discernenda
676 3885 793 3938 nostra
814 3874 983 3941 invocatio
1005 3874 1048 3938 ab
1070 3871 1151 3938 Eth-

170 3957 254 4043 nicis
279 3968 311 4022 et
333 3958 408 4022 aliis
431 3960 615 4038 erroribus,
640 3971 705 4023 etc.

230 4132 293 4194 ,ll
327 4127 516 4194 Secunda
541 4131 831 4195 consideratio
854 4140 907 4194 est
922 4141 1149 4214 praeceptum.

172 4210 392 4300 Cogitantlum
415 4226 484 4292 est,
513 4214 622 4280 Deum
645 4214 732 4281 velle
756 4214 820 4280 coli
842 4216 1001 4301 petitione
1024 4217 1151 4302 gratiae

171 4310 206 4364 et
225 4298 365 4365 aliorum
387 4302 560 4371 donorum.
582 4313 619 4365 ut
636 4304 845 4367 discernatur
862 4324 883 4367 a
900 4300 996 4385 malis
1010 4303 1150 4381 naturis,

172 4397 205 4449 et
228 4387 392 4451 tribuatur
413 4388 442 4450 ei
459 4385 514 4450 hic
536 4385 658 4465 honos,
681 4391 770 4473 quod
795 4390 838 4452 sit
859 4386 1006 4472 sapiens,
1028 4390 1149 4467 bouus,

171 4471 358 4550 beneficus,
390 4473 487 4536 dator
517 4474 621 4550 vitae,
649 4475 848 4557 sapientiae,
878 4485 910 4538 et
933 4472 1071 4538 aliorum
1095 4475 1151 4539 bo-
1246 4516 1253 4529 -

166 4576 302 4645 norum,
326 4570 358 4622 et
379 4559 468 4643 quod
487 4557 568 4623 velit
589 4576 650 4623 sua
672 4561 761 4625 bona
782 4559 881 4625 nobis
896 4559 1150 4639 communicare,

171 4644 257 4707 sicut
279 4641 414 4708 Psalmo
437 4645 490 4707 49.
513 4646 545 4708 ἱιι
571 4645 636 4722 uit,
670 4664 709 4710 se
732 4643 819 4710 velle
847 4646 911 4711 lroc
940 4645 1040 4711 modo
1067 4641 1150 4710 colit

170 4726 295 4793 lnroea
316 4731 423 4794 me'in
447 4732 500 4794 die
523 4727 765 4809 tribulationis,
794 4742 827 4796 ct
849 4732 895 4796 eri
918 4732 983 4797 iam
1008 4741 1059 4810 te,
1086 4743 1150 4794 etc.

171 4814 224 4876 Ac
258 4827 291 4879 ot
323 4813 460 4885 violatio
488 4816 676 4900 praecepti,
708 4817 784 4881 Non
814 4753 966 4898 occides,
1000 4813 1153 4902 displicet

170 4896 257 4978 Deo,
282 4903 331 4965 sic
353 4899 506 4987 displicet
524 4915 558 4968 et
580 4901 715 4969 violatio
736 4902 877 4969 secundi
898 4905 1075 4991 praecepti,
1097 4923 1151 4968 ne·

172 4981 294 5092 glectip
316 4988 549 5069 invocationis,
571 5010 649 5057 eum
670 4989 795 5057 dictum
813 4990 877 5055 sits
906 4986 1013 5057 Petite
1040 5002 1075 5056 et
1095 5011 1152 5057 ac·

171 5087 311 5159 apicus.

1200 1213 1390 1279 misericors
1412 1223 1477 1292 est,
1499 1226 1532 1279 et
1552 1217 1699 1298 poenitet
1721 1236 1796 1279 eum
1818 1215 1907 1282 mali.

1287 1362 1347 1432 llll.
1391 1365 1548 1438 Quarta
1577 1369 1869 1434 consideratio
1904 1380 1959 1434 est
1984 1368 2183 1435 Promissio-

1201 1452 1265 1517 nis.
1309 1451 1427 1538 Neque
1457 1455 1633 1519 conversio
1661 1456 1705 1519 ad
1733 1452 1861 1534 Deum,
1885 1475 1994 1541 neque
2015 1456 2183 1523 invocatio

1202 1535 1273 1602 fieri
1341 1550 1417 1617 test,
1440 1540 1505 1603 nisi
1526 1538 1624 1604 simul
1646 1542 1867 1625 promissione
1889 1540 1921 1605 G
1939 1543 2025 1607 atiue
2046 1553 2080 1608 et
2101 1539 2185 1607 iirla·

1202 1625 1254 1687 cia
1275 1623 1468 1692 dediatoris
1491 1627 1677 1729 erigamur,
1707 1637 1742 1690 ut
1770 1629 1896 1693 acceda
1994 1627 2038 1691 ad
2060 1627 2183 1707 Deum,
2224 1676 2227 1681 ,

1201 1710 1291 1773 iuxta
1313 1711 1436 1775 dictum
1462 1713 1505 1776 ad
1528 1711 1710 1796 Ephesios:
1743 1711 1807 1776 Per
1828 1713 1918 1778 bunc
1945 1713 2107 1779 audemus
2129 1726 2185 1777 att·

1203 1797 1323 1860 cedere
1358 1796 1563 1862 confidenter
1632 1798 1779 1863 rtidem
1809 1798 1842 1863 in
1864 1801 1982 1883 ipsum.
2031 1799 2185 1865 Necesse

1201 1892 1253 1945 est
1273 1883 1374 1966 igitur
1394 1884 1533 1967 primurn
1556 1819 1633 1949 fiper
1645 1886 1800 1969 accipere
1817 1885 2044 1949 remissionem
2062 1904 2185 1968 pecca·

1202 1977 1320 2044 torum,
1343 1979 1377 2031 et
1399 1966 1713 2046 reconciliationem,
1736 1981 1768 2033 et
1790 1981 1953 2047 statuere,
1977 1971 2066 2055 quod
2091 1972 2185 2035 inve·

1202 2055 1289 2116 catio
1314 2051 1445 2137 placeat
1467 2054 1561 2133 Deo,
1590 2075 1654 2119 nec
1683 2056 1727 2119 sit
1756 2056 1856 2120 irrita.
1901 2055 2030 2120 Deinde
2054 2066 2087 2119 et
2109 2074 2185 2120 cae·

1201 2150 1294 2202 terne
1315 2141 1557 2221 promissiones
1580 2140 1621 2204 de
1642 2138 1716 2205 aliis
1739 2141 1910 2206 benefieiis
1928 2152 1961 2205 et
1978 2142 2185 2228 mitigatione

1202 2223 1424 2290 calamitatum
1462 2227 1642 2291 intuendae
1684 2239 1771 2291 sunt.
1821 2226 1971 2291 Necesse
2004 2239 2057 2291 est
2096 2227 2184 2292 eninr

1201 2330 1335 2393 semper
1356 2313 1389 2375 in
1412 2324 1595 2396 conspectu
1617 2332 1694 2377 esse
1711 2314 1895 2379 doctrinam
1914 2314 1955 2377 de
1972 2312 2185 2378 distinctione

1201 2398 1472 2481 promissionum.

1287 2548 1399 2614 Prima
1422 2563 1455 2615 et
1476 2571 1604 2615 summa
1625 2551 1804 2636 promissio
1824 2563 1887 2628 est3
1909 2553 2086 2635 promissio
2099 2551 2184 2616 Gra·
2261 2603 2270 2611 .

1201 2637 1267 2699 tiae
1289 2649 1322 2701 et
1350 2637 1440 2701 vitae
1464 2651 1620 2702 aeternae
1646 2648 1783 2722 propter
1809 2636 2026 2701 blediatorem
2054 2638 2184 2703 dandae

1203 2724 1320 2808 gratis.
1366 2722 1440 2786 lloo
1461 2742 1622 2787 summum
1646 2724 1769 2787 bonum
1792 2733 1856 2801 ost,
1880 2724 1971 2807 quod
1993 2721 2066 2787 vult
2088 2724 2184 2787 lleus

1202 2809 1324 2891 accipi,
1354 2810 1453 2873 etiam
1480 2811 1631 2874 omnibus
1661 2809 1758 2873 bonis
1782 2805 2013 2892 corporalibus
2035 2809 2182 2887 amissis,

1201 2895 1439 2961 instauratum
1462 2894 1537 2958 lob:
1567 2894 1706 2961 Etiamsi
1736 2895 1866 2959 occidet
1895 2913 1962 2973 me,
1977 2896 2127 2979 sperabo
2149 2895 2184 2961 in

1202 3001 1287 3044 cum.
1313 2980 1385 3043 Nec
1407 2982 1473 3062 peti
1495 2977 1561 3045 alia
1589 2982 1678 3046 botta
1700 2992 1854 3064 possunt,
1882 2980 1945 3044 nisi
1968 2976 2184 3065 praelucente
2212 3014 2215 3019 ·

1201 3067 1424 3151 promissione
1437 3066 1584 3144 Gratiae,
1606 3069 1697 3131 iuxta
1715 3069 1852 3131 dictum:
1873 3065 1979 3131 Nemo
1993 3077 2107 3151 potest
2128 3086 2184 3133 ac·

1203 3154 1323 3218 cedere
1340 3152 1383 3217 ad
1405 3148 1548 3232 Patrem,
1565 3153 1629 3225 nisi
1650 3173 1712 3259 ptq
1731 3149 1862 3217 Filium.

1287 3306 1382 3372 ltem:
1406 3305 1581 3378 Quomodo
1603 3307 1818 3387 invocabunt,
1839 3308 1903 3371 nisi
1926 3304 2086 3371 credenti

1286 3442 1383 3507 ltem:
1423 3442 1589 3529 Quicquid
1622 3444 1783 3529 petieritis
1814 3442 1950 3509 Patrem
1982 3444 2017 3508 in
2049 3441 2190 3507 nomine

1200 3549 1286 3608 meo,
1309 3530 1399 3594 dabit
1419 3532 1529 3595 vobis.
2173 3554 2178 3561 ·

1286 3679 1382 3747 Aliae
1410 3693 1488 3746 sunt
1514 3680 1754 3766 promissiones
1784 3680 1826 3745 de
1854 3682 1952 3747 bonis
1979 3679 2183 3744 necessariis

1200 3769 1234 3833 in
1255 3768 1319 3832 hac
1348 3769 1425 3832 vita.
1470 3766 1556 3839 Quia
1580 3772 1664 3831 enim
1687 3766 1782 3830 Deus
1811 3766 1844 3831 in
1873 3766 1939 3831 hac
1966 3762 2185 3853 rita'colligit

1201 3852 1387 3920 Ecclesiam
1400 3874 1486 3918 voce
1499 3851 1685 3941 Evangelii,
1708 3865 1742 3917 et
1755 3873 1823 3917 non
1841 3848 1947 3930 aliter,
1961 3852 2074 3916 tribuit
2086 3852 2184 3916 etiant

1201 3939 1312 4026 aliqua
1333 3941 1422 4004 vitae
1440 3940 1559 4024 spatia,
1584 3952 1617 4003 et
1632 3938 1765 4024 politias
1789 3951 1822 4003 et
1835 3938 2069 4016 Oeconomias,
2092 3938 2186 4001 iuxta

1091 4058 1095 4071 ·
1201 4029 1338 4091 dictum:
1360 4026 1436 4091 Non
1460 4026 1578 4090 mortui
1608 4022 1791 4091 laudabunt
1824 4037 1856 4088 te
1888 4023 2041 4093 Domine.
2085 4022 2184 4091 iterur

1203 4114 1233 4175 l.
1250 4111 1391 4177 limoth.
1410 4115 1431 4176 4
1465 4112 1577 4176 Pietas
1599 4112 1854 4195 promissionem
1871 4111 1974 4175 habet
1994 4107 2184 4191 praesentis

1200 4199 1305 4276 vitae,
1339 4210 1371 4262 et
1401 4196 1542 4264 suturae.
1586 4195 1682 4262 ltem:
1706 4196 1849 4262 Primum
1872 4197 2022 4283 quaerite
2043 4210 2184 4279 regnunt

1202 4283 1277 4361 Dei,
1301 4296 1335 4348 et
1353 4298 1485 4349 caetera
1507 4284 1704 4348 adiicientur
1726 4284 1833 4361 vobis,
1856 4283 1929 4347 Scit
1950 4280 2049 4346 Pater
2070 4291 2184 4344 vester

1203 4367 1373 4450 coelestis,
1395 4391 1457 4435 vos
1479 4367 1546 4434 illis
1569 4371 1670 4434 rebus
1692 4369 1853 4454 indigere.

1291 4557 1332 4623 V.
1366 4557 1517 4630 Quinta
1540 4556 1827 4623 consideratio
1846 4565 1898 4619 est
1920 4554 1962 4618 de
1982 4550 2081 4627 Eide,
2119 4546 2184 4617 tito

1202 4644 1342 4730 primum
1364 4645 1534 4708 sciendum
1559 4655 1620 4722 est,
1642 4641 1774 4721 Fidem,
1798 4661 1883 4725 quae
1906 4640 1988 4723 petit
2016 4637 2184 4703 remissio·

1204 4751 1297 4809 nem,
1321 4727 1631 4795 'reconciliationem
1657 4739 1690 4793 et
1719 4729 1820 4792 vitam
1847 4736 2035 4803 aeternam,
2063 4724 2184 4811 guber·

1203 4818 1370 4882 nationem
1391 4816 1533 4892 animae,
1555 4826 1711 4900 oportere
1727 4813 1761 4878 in
1777 4812 1892 4895 specie
1906 4812 1991 4876 baec
2003 4813 2077 4895 ipsa
2095 4809 2185 4875 bona

1203 4914 1318 4989 petere
1341 4912 1375 4968 et
1401 4913 1596 4985 expectare,
1631 4900 1704 4965 sine
1731 4898 1931 4964 conditione.
1976 4896 2061 4969 Quia
2088 4890 2184 4959 Dcms

1204 4987 1276 5057 vult
1290 4989 1377 5055 baec
1394 4988 1585 5054 nominatim
1625 4986 1678 5051 eti.
1710 4984 1754 5052 Et
1765 5005 1831 5051 non
1850 4981 1977 5048 habere
1993 4980 2079 5047 baec
2095 4981 2192 5056 dona,

1200 5076 1258 5141 ‘est
1278 5095 1415 5141 manere
1434 5072 1568 5139 bostem
1622 5072 1669 5153 ei,
1701 5082 1738 5140 ot
1756 5066 1955 5139 contumelia
1976 5065 2086 5155 Deum
2111 5060 2184 5133 att·

1805 5242 1818 5274 ἲ
