4628 5588
144 352 294 414 iamiam
315 357 385 427 est,
417 343 497 432 ἅπερ
517 344 574 433 γὰρ
594 346 786 432 βουλόμεθα,
814 351 910 412 ταῦτα
934 349 1054 431 μᾶλλον
1081 375 1133 414 m·

150 433 303 514 ατειῐομεν.
354 433 423 497 Sed
456 434 561 500 virtus
602 447 654 499 est
689 435 816 499 candor
848 437 958 502 vicina
990 438 1133 514 veritati,

150 540 239 607 quae
272 533 365 586 recte
394 519 483 585 facta
505 541 572 585 non
596 522 774 605 depravat,
796 533 829 585 et
851 525 1007 609 ambigua
1030 523 1135 588 ilectit

147 606 182 671 ln
200 601 368 672 meliorem
391 619 519 690 partem
541 605 707 691 probabili
729 609 867 672 ratione.
894 597 1012 682 'Quod
1035 611 1135 697 igitur

147 691 206 758 hie
229 695 321 772 dicit,
345 695 456 758 omnia
478 696 593 773 eredit,
616 695 658 759 de
671 696 817 759 candore
829 692 1042 781 intelligatur,
1056 717 1134 780 pro-

149 778 251 845 babili
274 781 402 846 ratione
425 782 581 847 credente
604 793 636 847 et
657 783 781 846 vitante
803 784 1014 868 suspiciones
1034 795 1066 848 et
1079 789 1133 849 ca*

144 862 303 947 ‚lamnia

141 1024 154 1037 ·
238 1003 358 1070 Omnia
380 1015 507 1090 sperat,
541 1003 731 1091 Opponitur
753 1006 925 1085 saevitiae,
948 1027 1035 1091 quae
1056 1028 1132 1091 pro·

147 1102 247 1178 perat
273 1093 317 1156 ad
339 1088 485 1156 ultimam
532 1112 650 1157 oenam
671 1105 876 1157 nontentata
890 1095 1133 1173 emendatione,

142 1179 239 1244 iuxta
261 1175 423 1285 Evangel‘
448 1200 499 1259 m,
533 1180 589 1243 ubi
612 1180 695 1243 ordo
719 1180 874 1245 traditur:
919 1181 1035 1269 Argue
1058 1201 1133 1245 eum

141 1265 236 1329 irrtar
258 1276 292 1329 te
309 1277 374 1329 etr
417 1287 482 1330 um.
527 1266 650 1351 Sperat
671 1268 757 1332 enirn
780 1269 891 1333 omnia
908 1265 1054 1348 dilectio,
1075 1269 1134 1332 do·

74 1420 78 1431 ,
148 1371 213 1417 nee
235 1348 333 1416 locus
356 1365 409 1416 est
430 1353 660 1419 emendationi.

237 1487 356 1554 Omnia
382 1487 519 1575 perfert.
564 1488 753 1576 Repetitum
783 1504 836 1557 est
855 1502 1071 1578 praeceptum
1094 1493 1135 1556 dc

129 1576 318 1662 patientia,
341 1578 537 1660 praesertim
559 1577 593 1641 in
615 1579 739 1642 iniuriis
761 1581 955 1659 tolerandis,
977 1600 1020 1643 ne
1036 1590 1084 1644 'ou
1099 1579 1134 1642 ri-

89 1733 93 1745 ,
142 1661 254 1743 ,ditate
277 1663 441 1727 vindictae
464 1675 561 1728 ruant
583 1663 741 1729 doctores
753 1667 795 1730 ad
808 1669 1003 1732 turbandam
1017 1664 1087 1730 Ecc
1102 1687 1134 1730 e·

142 1747 246 1837 §jam
267 1748 354 1813 sicut
375 1749 513 1814 iniuriae
537 1746 634 1815 dolor
651 1747 865 1818 Coriolanum
888 1764 994 1819 armat
1016 1764 1134 1818 contra

148 1834 300 1920 patriam,
322 1832 439 1915 luliuur
462 1850 579 1901 contra
602 1836 805 1922 Pompeium.

143 2004 160 2059 ς,
212 1971 414 2058 ¹,Nunquam
434 1970 580 2053 excidit,
613 1975 647 2040 id
680 1988 744 2055 est,
773 1974 934 2042 durabilis
968 1987 1033 2057 est,
1065 1997 1134 2042 non

144 2056 309 2125 amittitur
329 2061 362 2124 in
386 2061 454 2125 vita
474 2073 623 2140 aeterna,
656 2074 688 2126 ct
717 2083 850 2148 semper
872 2067 942 2130 cius
965 2086 1047 2128 usus
1071 2075 1133 2129 est.

146 2142 236 2219 Nam
259 2147 398 2211 verbum
420 2151 574 2212 ἐκπίπτειν
596 2147 762 2235 significat
780 2154 889 2216 excuti
913 2148 967 2215 vel
984 2151 1135 2216 amittere

148 2227 288 2318 aliquid,
310 2244 347 2296 ut
367 2237 487 2312 ἐξέπεσε
510 2235 641 2313 πόλεως,
662 2236 696 2300 id
718 2249 783 2312 est,
804 2238 914 2303 amisit
936 2239 1113 2303 civitatem.

144 2508 594 2693 iaorosrurorvas
667 2567 762 2651 na·
806 2567 1135 2655 arsennaria

143 2710 343 2843 maa
385 2705 695 2807 neonssma
726 2723 822 2807 oar
852 2725 895 2807 A
928 2724 1135 2811 enara-

219 2844 222 2849 ’
275 2874 362 2961 ars
394 2875 582 2965 saorra
613 2877 1022 2966 sarcasmum.

237 3334 273 3402 ln
289 3345 357 3401 tara
369 3334 546 3401 horrendis
563 3335 833 3403 conlassionibus
844 3340 978 3424 generis
989 3335 1136 3420 humani,

94 3462 97 3469 ·
148 3422 184 3491 in
217 3433 309 3488 tanta
342 3423 503 3487 varietate
525 3424 714 3508 opinionum
733 3426 775 3491 de
797 3423 890 3504 Deo,
924 3437 958 3491 et
978 3427 1063 3491 inter
1085 3438 1136 3491 tot

151 3506 283 3577 scelera
305 3500 472 3588 lillirlines,
496 3511 614 3574 iniusta
638 3509 738 3592 bella,
762 3511 955 3592 latrocinia,
977 3514 1136 3579 vastatio·

149 3618 225 3676 nes,
246 3596 431 3673 mendacia,
454 3609 487 3662 et
509 3598 665 3663 infinitam
679 3598 900 3685 Soplristicanr
913 3598 1135 3666 turbaturhu·

148 3705 248 3751 mana
282 3685 378 3763 ratio,
435 3705 587 3765 naerens,
620 3707 664 3751 an
698 3689 740 3751 sit
764 3686 879 3765 Deus,
912 3698 945 3751 et
977 3708 1020 3751 arr
1044 3699 1136 3755 certa

148 3792 229 3858 pars
264 3772 397 3857 generis
412 3706 551 3837 humani
585 3773 629 3838 sit
649 3770 805 3837 Ecclesia
829 3771 902 3851 Dei,
926 3795 1012 3860 quae
1035 3795 1136 3839 curae

68 3932 81 3951 ‚
150 3858 195 3922 sit
217 3855 293 3923 Deo
317 3871 350 3922 et
373 3860 581 3936 exaudiatur,
615 3873 649 3926 et
672 3863 724 3925 cui
747 3881 826 3924 sese
848 3861 879 3924 in
904 3871 974 3925 tota
996 3861 1136 3925 aeterni·

148 3952 219 4009 tare
253 3946 555 4009 communicaturus
590 3948 653 4024 sit,
686 3959 719 4011 et
752 3967 838 4032 quae
870 3968 912 4011 ac
933 3949 990 4012 ubi
1013 3949 1055 4012 sit
1078 3944 1136 4012 illa

148 4029 319 4185 Ecclespp,
342 4051 385 4108 an
408 4051 629 4098 vero-ornnes
642 4026 793 4099 homines
814 4035 940 4120 pariter
961 4031 1135 4122 negligan-

65 4160 85 4179 κ
147 4130 205 4184 iul·
226 4139 249 4185 8
304 4138 357 4184 00.

620 4359 660 4426 ll.

239 4511 322 4580 Cum
342 4515 429 4581 baec
450 4513 619 4582 horrenda
641 4515 834 4602 spectacula
855 4517 1054 4584 tristissimis
1076 4518 1135 4584 du·

151 4599 367 4667 bitationibus
402 4605 594 4670 concutiant
626 4607 770 4671 omnium
804 4604 971 4671 hominum
994 4606 1136 4682 animos,

102 4762 106 4768 ,
150 4705 295 4752 necesse
316 4700 370 4753 est
392 4710 562 4776 opponere
584 4693 773 4757 testimonia
801 4695 843 4757 de
866 4693 940 4757 Deo
963 4704 996 4758 et
1019 4690 1135 4758 delle·

90 4793 97 4803 ·
152 4771 269 4853 alesia,
292 4785 326 4840 et
347 4791 475 4842 mentes
497 4780 602 4844 verbo
624 4777 701 4858 Dei,
725 4781 813 4865 quod
834 4777 1022 4845 illustribus
1044 4779 1135 4843 testi·

70 4861 90 4951 '1
151 4861 271 4927 moniis
292 4864 446 4928 traditum
468 4875 521 4930 est
543 4865 665 4931 docere
686 4886 728 4932 ac
751 4866 960 4945 confirmare,
983 4878 1015 4932 et
1036 4862 1135 4931 simul
1251 4893 1255 4900 ·

151 4947 286 5013 ardenti
304 4951 497 5032 precatione
519 4964 644 5038 petere,
662 4966 699 5019 ut
720 4954 878 5020 divinitus
900 4955 1081 5019 doceamur
1101 4965 1136 5016 et

153 5031 401 5115 confirmemur,
419 5039 506 5104 siout
526 5043 689 5126 scriptum
710 5053 781 5107 esta
805 5041 921 5123 Orata,
942 5062 986 5107 rra
1007 5039 1136 5109 intretis

150 5119 187 5186 ln
207 5124 436 5190 tentationem·

754 154 869 223 Pam.
891 156 994 224 blaa
1016 156 1210 226 scelera
1225 154 1515 225 netimea-

2063 158 2170 229 «Μ

1648 345 1704 412 lll.

1246 517 1348 585 ‘Non
1370 520 1453 583 satis
1475 528 1529 583 est
1550 520 1701 604 cogitare
1724 533 1934 606 argumenta,
1969 541 2055 607 quac
2083 524 2168 590 ratio

1186 606 1331 672 humana
1352 603 1493 671 naturali
1515 604 1592 672 luce
1615 606 1731 685 cernit,
1754 609 1814 672 sed
1837 619 1944 673 tamen
1958 610 2169 696 paedagogia

1186 689 1276 759 utilis
1300 705 1363 772 est,
1386 690 1471 757 haec
1492 704 1688 780 argumenta
1711 714 1777 779 quo
1803 715 1844 759 uc
1867 691 2029 781 colligere
2053 697 2095 761 ad
2118 718 2170 761 ra-
2264 688 2272 701 ’

1184 777 1341 845 futandos
1363 778 1549 864 Epicureos
1571 775 1722 844 furores:
1766 715 1852 845 llam
1875 794 1909 846 et
1931 779 2055 846 l'aulus
2078 783 2170 851 iubet

1185 867 1327 959 vestigia
1348 867 1414 932 Dei
1436 867 1470 932 in
1491 878 1609 932 natura
1630 869 1782 952 aspicere
1804 879 1839 933 et
1860 870 2086 935 considerare.

1643 1097 1783 1175 ml..

1271 1280 1380 1347 Notae
1401 1280 1467 1344 sint
1487 1280 1588 1367 igitur
1609 1278 1673 1346 hac
1696 1281 2009 1361 demonstrationes,
2043 1280 2170 1367 lmpos·

1186 1365 1284 1433 sibile
1302 1382 1355 1433 est
1376 1367 1718 1445 notitiaeordtnaras,
1739 1379 1776 1433 ut
1798 1389 1968 1447 numeros,
1991 1369 2170 1435 discrimen

1185 1454 1402 1520 honestorum
1426 1454 1635 1540 etoturpium,
1657 1453 1857 1519 immutabile
1881 1457 2105 1520 conscientiae
2122 1457 2171 1521 iu·

1186 1543 1318 1618 dicium,
1341 1542 1496 1626 gaudium
1519 1553 1552 1604 et
1575 1538 1750 1606 horribiles
1773 1562 1918 1624 pavores
1935 1539 2171 1607 universaliter

1186 1630 1237 1693 sic
1261 1629 1403 1693 existere
1427 1648 1506 1692 casu
1529 1629 1562 1691 in
1584 1626 1786 1706 hominibus,
1808 1639 1866 1693 ant
1887 1650 1928 1693 err
1952 1626 2118 1713 corporali
2138 1640 2171 1692 et

1186 1718 1283 1780 bruta
1305 1716 1442 1779 materia
1465 1714 1554 1778 oriri.
1588 1713 1740 1779 Necesse
1762 1727 1815 1780 est
1836 1716 1936 1801 igitur
1958 1730 2100 1780 merrtem
2121 1715 2170 1778 in·

1186 1804 1297 1867 linitae
1318 1803 1498 1885 potentiae,
1520 1802 1702 1885 sapientiae
1725 1812 1758 1866 et
1775 1802 1919 1865 iustitiae
1941 1798 2037 1880 esse,
2061 1823 2083 1867 a
2103 1822 2171 1888 qua

1186 1886 1251 1957 hae
1273 1890 1410 1954 notitiae
1432 1899 1465 1952 et
1486 1888 1643 1953 iudicium
1665 1888 1890 1954 conscientiae
1909 1889 2071 1953 oriuntur.

1273 2044 1328 2109 Ad
1341 2042 1407 2107 boc
1429 2054 1658 2128 argumentum
1673 2043 1873 2129 adiungatur
1893 2039 2050 2129 generale
2071 2062 2092 2106 a

1186 2131 1386 2196 mentumdc
1406 2129 1630 2215 pulcherrimo
1646 2131 1763 2196 ordine
1779 2149 1958 2215 corporum
1975 2129 2101 2207 mundi,
2136 2149 2169 2193 e·
2217 2172 2225 2189 .

1187 2219 1285 2304 gibus
1304 2231 1451 2281 motuum
1475 2214 1682 2296 coelestium,
1706 2218 1747 2281 da
1765 2216 1894 2280 vicibus
1907 2228 2104 2299 temporum,
2126 2216 2170 2282 de

1186 2325 1296 2385 annua
1317 2302 1573 2383 loeeurrdatione
1596 2317 1717 2381 terrae,
1752 2305 1793 2367 de
1816 2304 2074 2368 conservatione
2096 2322 2173 2387 spe-

1187 2386 1320 2468 cierum,
1339 2391 1380 2453 dc
1404 2390 1633 2454 distributione
1655 2386 1842 2472 plantarum
1865 2392 1906 2454 ud
1921 2390 2173 2453 nutricationem

1186 2490 1218 2542 et
1241 2477 1531 2553 mendicationern,
1564 2477 1607 2540 de
1629 2475 1740 2541 moltis
1763 2481 1971 2556 συμπαθείαις
1993 2487 2025 2538 et
2048 2474 2171 2539 ἀντιπα-

1186 2572 1289 2637 esraa
1321 2565 1354 2627 in
1389 2575 1521 2639 natura,
1567 2560 1656 2626 ltcm¹
1671 2576 1902 2648 argumentum
1925 2558 2023 2626 valdo
2043 2562 2171 2626 firmum

1187 2652 1228 2715 de
1259 2651 1517 2714 conservatione
1549 2647 1715 2713 humanae
1748 2651 1917 2719 societatis
1944 2650 1979 2713 in
2003 2647 2067 2711 irae
2088 2649 2171 2725 vita,

1187 2758 1285 2823 quarn
1308 2738 1339 2802 in
1362 2736 1463 2800 tantis
1487 2731 1740 2800 confusionibus
1764 2747 1797 2800 et
1820 2734 1989 2800 furoribus
2002 2735 2172 2798 hominum

1188 2825 1308 2888 durare
1341 2818 1546 2907 impossibile
1578 2834 1690 2904 essct,
1722 2823 1787 2886 nisi
1814 2821 1909 2887 Deus
1931 2842 2005 2887 earn
2025 2841 2089 2886 sua
2110 2840 2172 2904 po·

1187 2911 1268 2974 tenti
1292 2911 1409 2974 dextra
1432 2920 1589 2973 tueretur.

1274 3062 1348 3127 lluc
1380 3064 1579 3148 adiungatur
1610 3060 1741 3149 regula,
1774 3063 1862 3148 quod
1895 3063 2022 3128 atrocia
2052 3059 2175 3128 delicta

1187 3150 1387 3215 comitantur
1409 3162 1543 3213 atroces
1556 3170 1685 3235 poenae
1698 3151 1730 3214 in
1748 3146 1813 3213 hae
1824 3152 1903 3227 vita,
1920 3149 2011 3214 iuxta
2030 3149 2172 3213 dictum:

1188 3236 1251 3309 Qui
1275 3233 1420 3323 gladium
1442 3237 1621 3320 acceperit,
1644 3234 1757 3322 gladio
1780 3237 1911 3321 peribit.
1938 3235 2030 3309 ltem.
2052 3234 2172 3301 Omnis

1187 3324 1314 3400 anima,
1349 3342 1436 3408 quae
1458 3320 1576 3386 fecerit
1598 3321 1662 3387 has
1685 3324 1968 3401 abominationes,
1990 3322 2173 3387 eradicabi-

1187 3422 1240 3474 tur·
1262 3421 1327 3474 etc.
1372 3409 1467 3474 lianc
1489 3407 1638 3495 regulam
1662 3411 1865 3494 experientia
1888 3410 1987 3473 etiam
2008 3407 2173 3473 Ethnicos
2226 3485 2235 3501 ο

1187 3497 1311 3574 docuit,
1335 3506 1368 3560 et
1386 3516 1446 3576 eos
1469 3497 1511 3561 de
1532 3497 1741 3582 providentia
1763 3492 2028 3574 commonefecit,
2053 3509 2173 3563 otver-

1187 3602 1246 3649 sus
1269 3592 1344 3648 esti

1230 3753 1420 3841 εἶσεβεέσσιν
1441 3755 1489 3820 ciri
1510 3753 1544 3818 ad
1565 3758 1650 3829 τέλος
1670 3752 1887 3855 ytoapaa‘apdv
1908 3757 1980 3817 ἐστι.
2021 3788 2025 3793 .

1230 3842 1323 3920 ltem,
1346 3843 1459 3924 scriptor
1477 3840 1521 3916 aig
1542 3845 1632 3928 ἑτέρῳ
1652 3865 1693 3919 τι,
1715 3843 1756 3928 ἑῷ
1777 3866 1868 3904 κακον
1890 3836 1982 3919 ἥπατι
2001 3839 2112 3922 τεύχει.

1208 4038 1211 4043 ·
1272 4012 1316 4079 Et
1348 4015 1515 4079 isocrates
1548 4014 1653 4100 inquit
1691 4013 1820 4077 etiamsi
1859 4009 2039 4098 aliquando
2073 4031 2175 4078 secus
2255 4038 2260 4045 ·

1188 4102 1318 4182 everrit,
1351 4115 1461 4168 tamen
1483 4102 1664 4188 prudentes
1688 4095 1836 4249 rapulam
1855 4096 2024 4164 anteferre
2047 4100 2174 4166 debere

1187 4191 1241 4269 iia,
1264 4210 1350 4276 quae
1370 4211 1448 4254 raro
1473 4201 1505 4253 ct
1528 4201 1622 4253 extra
1644 4208 1725 4274 regu
1742 4207 1795 4251 am
1822 4186 1994 4252 accidunt:
2035 4183 2071 4250 ol
2088 4184 2175 4275 adipi

1188 4274 1264 4341 aaa*
1276 4276 1374 4359 τεύχει
1385 4273 1479 4364 ρᾰνῆρ
1493 4272 1574 4361 ἄλλῳ
1586 4272 1661 4338 acad
1673 4273 1798 4356 arripior.
1823 4273 1960 4337 Addunt
1971 4271 2173 4359 Philosophi

1092 4398 1100 4415 ·
1189 4365 1493 4428 demonstrationes
1527 4382 1569 4425 cx
1602 4363 1718 4426 ordine
1741 4380 1935 4437 causarum,
1968 4358 2049 4424 ltenr
2071 4380 2174 4446 argu·

1188 4462 1300 4515 menta
1322 4468 1363 4515 ex
1386 4449 1508 4534 signis:
1532 4468 1606 4513 curn
1628 4446 1739 4512 lutura
1757 4442 2175 4598 significentursiniulari·

1190 4540 1253 4602 bus
1275 4536 1450 4622 prodigiis,
1471 4545 1610 4620 apparet
1632 4536 1703 4620 regi
1725 4535 1924 4599 mutationes
1936 4554 2046 4599 rerum
2081 4554 2174 4600 uma·

1187 4645 1304 4690 aarum
1326 4634 1450 4701 mente,
1473 4642 1560 4708 quae
1582 4632 1775 4707 praemonet
1796 4618 1958 4685 homines.

1654 4861 1699 4929 V.

1275 5034 1382 5104 Simul
1403 5039 1501 5103 etiam
1521 5033 1693 5103 naturales
1715 5036 1851 5102 notitiae
1867 5012 2057 5113 ostendunt,
2079 5036 2173 5122 quot

1189 5136 1223 5192 ct
1243 5122 1352 5214 quatra
1373 5125 1419 5191 stt
1439 5122 1546 5205 Deua,
1567 5121 1723 5191 amitae
1743 5140 1839 5190 meas
1860 5133 2009 5202 acarna,
2026 5120 2173 5191 labdo*
