4628 5588
170 176 216 245 m
357 123 361 136 ’
643 252 646 258 ,
846 169 888 237 u.
907 167 1099 235 masma
1121 164 1502 277 oaomsnnosmr.
1602 212 1605 222 .
1695 204 1700 215 -
2135 165 2181 235 aa

229 371 278 455 In
307 369 416 453 fanto
444 368 645 452 restitutio
674 367 732 450 rei
763 366 915 448 alienae
952 392 1093 447 neces·
1205 362 1329 445 Estne
1366 362 1554 443 distincta
1589 349 1770 443 remissio
1808 362 1950 473 cnlpae
1987 392 2011 444 a
2040 363 2183 445 remis·

223 474 226 479 ’
291 491 399 573 saria
433 501 511 593 est,
550 489 665 572 iuxta
701 487 901 598 regulam:
939 486 1091 568 Pecca-
1248 483 1361 565 sione
1391 509 1547 593 poenae
1578 479 1808 592 temporalis
1838 477 1880 564 in
1910 483 1988 564 hac
2018 480 2129 566 vita?

198 617 202 625 ’
291 622 380 693 tum
411 638 494 692 non
530 608 761 710 dimittitur,
798 605 874 689 nisi
910 606 1090 703 ablatum

289 730 533 814 restituatur.
577 728 631 811 Et
654 728 804 810 Paulus
828 726 976 835 inquit:
1009 724 1091 827 Qui

290 847 445 932 furatus
476 849 548 952 est,
580 849 662 931 iam
692 876 775 929 non
804 843 968 927 furetur.

231 970 449 1053 Restitutio
481 980 620 1050 autern
635 1046 638 1053 ,
651 969 717 1049 est.
744 963 983 1051 satisfactis.

229 1088 338 1199 Ergo
369 1076 668 1172 satisfactiones
699 1097 794 1169 snut
830 1083 1089 1167 necessariae.

256 1234 467 1319 Respondeo.
500 1234 600 1323 Nego¹
613 1235 785 1311 minorem,
808 1234 886 1319 quia
902 1232 1066 1296 restitutio
1083 1226 1149 1294 nori

171 1332 224 1387 est
241 1321 434 1387 satisfactio
458 1316 525 1400 illa,
548 1340 633 1408 quae
651 1318 821 1385 Canonica
842 1316 1041 1403 appellatur,
1063 1337 1152 1401 quae

170 1417 222 1472 est
244 1426 329 1490 opus
351 1426 419 1471 non
441 1407 586 1473 debitum
608 1405 694 1484 Dec,
716 1407 814 1470 etde
836 1424 902 1490 qua
923 1400 1080 1468 lilonachi
1102 1399 1150 1466 lo·

170 1504 333 1579 qauntur,
357 1492 418 1557 sed
440 1504 491 1557 est
520 1512 606 1577 opus
634 1492 778 1556 debitum
800 1489 894 1568 Deo,
915 1490 1084 1573 pertinens
1106 1489 1150 1552 ati
1174 1471 1180 1581 Ι

1202 751 1369 835 accipiunt
1387 749 1615 816 remissionem
1632 746 1768 835 culpae,
1790 748 1823 815 et
1845 762 1955 815 tamen
1985 747 2084 815 simul
2105 752 2184 815 sub·

1202 836 1356 900 iiciuntur
1384 834 1501 920 poeuis
1533 837 1566 899 in
1599 833 1663 901 hac
1686 836 1771 913 vita,
1805 854 1891 920 quae
1924 846 2035 899 taurea
2058 855 2184 921 nequa·

1203 942 1300 1007 quam
1327 933 1406 986 sunt
1434 941 1506 986 com
1533 921 1723 985 ensationes
1756 933 1814 987 aut
1841 922 1958 986 merita
1980 942 2041 1005 pro
2074 940 2184 1027 poena

1201 1020 1349 1086 aeterna,
1373 1017 1410 1073 ut
1431 1007 1483 1071 ins
1520 1027 1559 1070 se
1576 1019 1610 1071 et
1631 1007 1729 1090 impie
1751 1006 1915 1072 tinxerunt
1931 1005 2098 1085 lilonaehr,
2121 1004 2201 1072 sed'

1200 1093 1325 1158 habent
1346 1113 1488 1178 prorsus
1511 1090 1596 1157 alias
1619 1111 1751 1158 causas.
1793 1091 1913 1157 Ethie
1936 1103 2006 1158 tota
2030 1093 2184 1159 doctrina

1202 1180 1244 1243 de
1277 1180 1388 1243 causis
1422 1176 1639 1242 humanarum
1678 1175 1902 1243 calamitatum
1935 1179 2183 1243 consideranda

1202 1276 1265 1342 est,
1289 1285 1375 1348 quae
1403 1261 1534 1328 insola
1562 1261 1717 1328 Ecclesia
1739 1264 1894 1329 divinitus
1921 1263 2088 1348 patefacta
2118 1275 2182 1344 est,

1201 1362 1235 1415 et
1257 1350 1371 1435 ignota
1387 1363 1441 1414 cst
1457 1351 1639 1434 sapientiae
1655 1350 1819 1414 humanae
1835 1364 1869 1414 et
1890 1348 2138 1433 Philosophiae.

1287 1500 1481 1588 Philosophi
1505 1505 1620 1569 dicunt
1642 1523 1779 1568 causam
1803 1503 1919 1568 mortis
1941 1515 1974 1568 et
1992 1504 2183 1569 morborum

1289 662 1501 749 Respondes.
1544 660 1607 727 Est
1627 661 1794 728 distincta.
1833 661 1893 729 Ut:
1916 662 2037 742 Adam,
2058 661 2183 745 David,
2294 666 2297 673 '

170 1579 400 1643 contritionem
439 1590 472 1643 at
514 1577 643 1643 Novam
682 1578 912 1641 obedientiam.
964 1573 1050 1648 Quia
1094 1573 1150 1657 ‘11¹i
1201 1588 1472 1654 cassatam-tam.
1506 1589 1636 1653 Deinde
1658 1586 1833 1654 multarum
1857 1586 2081 1653 calamitatum
2104 1609 2183 1655 cau·
2289 1675 2291 1679 .

170 1664 283 1728 sciens
304 1656 422 1728 retinet
443 1684 512 1729 rem
530 1660 685 1740 alienam,
708 1664 827 1726 retinet
847 1663 990 1725 animum
1009 1657 1149 1723 iurandi.
1201 1695 1260 1737 53⁸
1282 1694 1359 1738 esse
1381 1694 1515 1738 ,propes
1536 1675 1648 1740 supteri
1675 1677 1707 1737 t„
1729 1676 1894 1739 mentibus
1917 1673 2104 1753 hominum,
2133 1675 2184 1739 tn.

168 1749 321 1815 Necesse
349 1761 401 1814 cat
427 1762 538 1815 cutem
565 1769 631 1814 non
660 1767 877 1832 perseverare
904 1748 937 1811 in
963 1742 1149 1810 miltiibus
1201 1760 1373 1824 ardinatos
1395 1760 1546 1838 affectus,
1568 1771 1601 1824 et
1617 1757 1807 1825 voluntates
1826 1780 1893 1824 non
1912 1762 2181 1843 obtemperantes

169 1846 287 1900 eontra
309 1833 574 1914 Conscientiam,
608 1837 701 1900 iuxta
724 1833 864 1898 dictum:
895 1829 1001 1897 blilita
1030 1833 1151 1895 honam
1200 1857 1293 1910 ηοω
1314 1846 1446 1910 iudicio,
1479 1844 1551 1910 Etsi
1574 1859 1684 1910 ,utem
1706 1865 1820 1910 verum
1842 1857 1905 1923 est,
1927 1844 1989 1909 has
2007 1866 2085 1910 0550
2104 1866 2182 1910 cau·

169 1918 328 1998 militiam,
349 1921 495 1985 retinens
518 1921 632 1985 fldem
654 1929 689 1983 01
710 1920 832 1983 bona'm
855 1918 1106 1988 conscientium·
1200 1949 1258 1994 sps
1281 1933 1505 2016 propinquas,
1527 1943 1636 1996 tamen
1660 1951 1776 1996 mpsus
1799 1934 1971 2017 quaeritur
1992 1933 2034 1996 de
2056 1930 2183 1996 Princi.

1200 2012 1265 2099 pali
1289 2035 1405 2092 causa,
1429 2018 1517 2080 unde
1540 2017 1584 2079 sie
1605 2018 1637 2080 in
1662 2014 1811 2095 ilnteria,
1836 2015 1947 2081 Mente
1971 2030 2002 2080 et
2021 2015 2182 2081 Volunta-

1200 2104 1290 2165 tihus
1313 2113 1405 2166 tanta
1426 2102 1600 2166 iniit-ntitas
1619 2114 1652 2166 et
1671 2099 1847 2167 confusio?
1879 2102 1972 2167 llaec
1988 2099 2182 2186 principalis

172 2215 282 2318 Quid
303 2214 514 2299 nominant
533 2211 781 2298 Canonicam
802 2177 1151 2301 satisfactionem?

255 2362 432 2429 Nominant
443 2383 528 2447 opus
545 2362 737 2439 indebitum,
758 2360 792 2424 id
808 2369 873 2436 est,
884 2379 950 2423 non
961 2359 1150 2423 mandatum

170 2471 192 2516 a
213 2448 305 2529 Deo,
339 2470 406 2534 qno
436 2447 479 2513 fin
527 2459 562 2515 nt
592 2468 665 2513 com
691 2447 803 2510 ensari
837 2465 964 2529 proenas
994 2456 1148 2510 aeternas

170 2555 232 2601 sen
252 2535 445 2620 purgatorii.
505 2532 609 2598 nhoc
626 2469 842 2597 deliramento
864 2551 1017 2615 magnum
1043 2527 1148 2595 cbaos

171 2626 417 2698 est‘errorum,
450 2618 540 2703 quod
561 2630 665 2683 totum
692 2617 864 2682 evidenter
891 2617 1053 2682 refutatur
1083 2613 1149 2679 hoc

170 2726 237 2773 uno
259 2707 363 2772 dicto:
396 2705 538 2770 Frustra
559 2701 674 2769 colunt
695 2723 749 2769 me
776 2702 941 2768 mandatis
967 2698 1146 2767 hominum.

87 3040 92 3057 ·
168 3002 293 3087 Estne
323 3000 511 3083 distincta
548 2998 728 3081 remissio
764 2999 906 3110 culpae
946 3029 971 3082 a
1007 2997 1149 3081 remis·

382 3121 493 3203 sione
523 3147 681 3230 poenae
711 3118 927 3201 aeternae?

252 3267 466 3352 Respondeo.
510 3265 727 3352 Nequaquam
749 3267 904 3331 distincta
922 3278 983 3330 est.
1023 3265 1076 3329 Ac
1097 3284 1149 3329 re·

75 3404 81 3419 .
167 3356 281 3421 missio
304 3351 424 3438 culpae
446 3373 585 3438 prorsus
607 3352 723 3416 eadem
747 3363 817 3430 est,
845 3372 930 3436 quae
960 3361 1012 3415 est
1035 3352 1148 3414 remis·

169 3442 221 3506 sio
249 3460 378 3526 poenae
407 3452 579 3515 aeternae,
607 3439 698 3503 iuxta
720 3438 861 3503 dictum:
891 3436 1061 3517 iustificati
1083 3435 1149 3501 fide

168 3546 286 3611 pacem
302 3525 475 3590 habemus.
510 3523 604 3589 ltemz
628 3522 737 3588 lustus
761 3522 826 3586 lide
842 3542 904 3586 soa
923 3524 1022 3586 vivet.
1052 3520 1145 3585 trem:

168 3612 225 3678 Sic
244 3610 338 3678 Deus
361 3608 475 3676 dilexit
496 3612 664 3688 mundum,
686 3607 861 3674 athilium
883 3628 978 3671 suum
1001 3607 1147 3692 unigeni·

167 3709 235 3764 tum
255 3699 348 3763 daret
370 3702 432 3782 pro
454 3697 587 3772 mundo,
609 3708 646 3760 ut
668 3697 775 3759 orrtnis
798 3694 854 3779 qui
879 3694 983 3757 credit
1005 3693 1038 3756 in
1061 3713 1147 3769 eum,

168 3803 235 3847 non
258 3795 384 3882 pereat,
407 3783 465 3845 scd
488 3781 610 3846 habeat
632 3780 732 3845 vitam
755 3793 933 3844 aeternam.
978 3778 1065 3842 Nam
1092 3797 1147 3842 ae·

169 3881 263 3934 terna
286 3889 394 3954 poena
422 3879 475 3931 est
502 3885 625 3931 sensus
650 3867 719 3929 irae
741 3864 816 3930 Dei.
862 3865 1015 3929 Remissa
1038 3875 1147 3928 autem

168 3953 266 4040 culpa
290 3953 327 4017 fit
350 3953 594 4029 reconciliatio,
618 3964 651 4015 et
669 3949 857 4016 FiliusDei
888 3970 972 4014 voce
996 3949 1152 4035 Evange-

167 4038 202 4105 lii
221 4037 416 4104 consolatur
428 4049 545 4116 cor,·et
562 4036 699 4102 retrahit
717 4057 758 4099 ex
771 4035 942 4101 doloribus
956 4032 1147 4112 inferorum,

53 4143 59 4156 ·
169 4127 210 4191 de
232 4127 352 4210 quibas
374 4124 453 4189 dicit
471 4121 651 4187 Ezechias:
675 4123 768 4187 Sicut
781 4121 850 4186 Leo
868 4111 1023 4186 contrivit
1038 4121 1146 4185 ontnia

122 4261 128 4273 .
168 4226 255 4275 ossa
272 4232 354 4277 mea.
399 4209 441 4274 Et
463 4210 626 4293 sequitur:
659 4207 709 4272 Tu
737 4219 844 4273 autem
868 4209 983 4272 eruisti
1005 4208 1145 4271 animam

63 4338 67 4343 -
168 4317 292 4375 meam,
325 4316 368 4365 ne
395 4295 531 4380 periret:
573 4294 744 4359 Proiecisti
777 4304 856 4378 post
888 4305 1018 4379 tergum
1056 4303 1146 4356 tuum

169 4384 276 4446 omnia
297 4393 435 4466 peecata
458 4401 540 4444 mea.
587 4378 665 4443 ltem
688 4377 851 4443 Micheas:
876 4378 1051 4442 Proiiciam
1070 4399 1146 4460 pec·

168 4480 244 4532 cata
272 4481 385 4532 vestra
412 4468 443 4530 in
474 4463 671 4550 profundum
701 4486 802 4529 nrare.
845 4465 940 4529 item:
973 4462 1145 4527 Effundam

168 4573 269 4638 super
311 4555 443 4619 domum
483 4550 593 4616 David
637 4551 792 4634 Spiritum
826 4554 955 4636 gratiae
996 4560 1028 4613 et
1071 4568 1146 4632 pre·

169 4660 254 4703 cum.
298 4637 380 4702 ltem
399 4650 501 4703 toturn
519 4649 616 4722 caput
632 4650 786 4701 octavum
807 4636 1038 4701 ad'liontanos
1060 4635 1145 4699 idem

169 4725 257 4788 dicit.
830 4754 834 4761 ·

254 4825 484 4890 Certissirnum
507 4837 558 4890 est
581 4825 697 4910 igitur,
718 4844 849 4908 semper
866 4823 962 4890 simul
988 4824 1059 4889 fieri
1083 4821 1147 4887 lide

168 4925 303 4998 propter
325 4911 442 4977 Filium
455 4910 530 4989 Dei,
551 4925 583 4975 et
601 4932 661 4994 per
684 4932 756 4975 eum
779 4911 1008 4975 remissionem
1027 4907 1147 4992 culpae

169 5010 204 5062 et
233 5017 361 5082 poenae
388 5010 553 5062 aeternae.
576 4997 671 5062 lloc
698 4998 785 5062 scire
812 4997 856 5061 ad
885 4995 1147 5062 consolationem

169 5083 396 5149 necessarium
417 5096 481 5149 est.

1202 2207 1306 2251 cansa
1332 2187 1446 2269 primis
1473 2186 1667 2273 parentibus
1694 2189 1804 2251 statim
1834 2200 1914 2254 nota
1941 2184 2013 2253 tait.
2057 2187 2184 2254 Postea

1202 2293 1282 2337 vero
1310 2272 1403 2336 Deus
1437 2293 1570 2358 semper
1596 2274 1629 2338 in
1658 2271 1813 2338 Ecclesia
1846 2275 2032 2339 doctrinam
2066 2275 2108 2338 de
2141 2293 2183 2340 ea

1201 2378 1305 2423 eausa
1326 2361 1430 2444 repeti
1453 2357 1568 2424 voluit.
1612 2361 1697 2425 Sunt
1718 2371 1828 2424 autem
1846 2358 1909 2424 hae
1927 2379 2061 2427 causae.

1287 2512 1397 2577 Prima
1419 2513 1605 2578 communis
1626 2513 1686 2576 toti
1708 2514 1823 2599 generi
1845 2510 2001 2579 hnmano.
2040 2512 2184 2598 Propter

1200 2608 1373 2682 peccatum
1396 2600 1575 2682 primorum
1597 2614 1788 2683 parentum,
1819 2611 1852 2664 et
1873 2612 2048 2684 peccatum
2071 2601 2183 2665 nobis·

1201 2706 1276 2750 cum
1305 2704 1468 2762 nascens,
1491 2705 1605 2749 omnes
1629 2684 1778 2749 immines
1807 2697 1886 2750 sunt
1907 2686 2047 2750 subiecti
2070 2686 2180 2766 morti,

1199 2770 1364 2857 tyrannidi
1376 2768 1520 2850 Diaboli,
1532 2782 1564 2836 et
1576 2773 1804 2837 communibus
1817 2768 2070 2849 calamitatibus,
2090 2773 2183 2836 iuxta

1200 2859 1306 2936 dicta,
1330 2856 1473 2921 Genesis
1496 2857 1527 2921 3.
1550 2870 1582 2920 et
1608 2856 1701 2921 Runa.
1717 2857 1749 2922 5.
1795 2856 1859 2921 Per
1881 2869 2054 2942 peccatum
2078 2876 2182 2939 mors.

1200 2941 1278 3007 item
1301 2941 1471 3026 Ephesi.
1494 2941 1690 3020 aitPaulus,
1713 2941 1892 3021 Diabolum
1912 2939 2085 3008 ellicacem
2102 2961 2182 3008 esse

1201 3029 1233 3091 in
1256 3029 1376 3113 impiis,
1399 3039 1435 3092 ut
1456 3025 1624 3097 horribilis
1646 3029 1786 3095 historia
1807 3031 1909 3094 totius
1932 3029 2043 3093 mundi
2068 3041 2181 3092 osten·
2223 3098 2227 3105 ,

1201 3115 1259 3192 dit,
1283 3114 1404 3178 caedes
1426 3111 1517 3179 iacta
1537 3135 1557 3178 a
1580 3111 1681 3193 Cain,
1703 3127 1736 3179 et
1756 3116 1916 3201 deinceps
1945 3112 2180 3194 idolomaniae,
2290 3188 2295 3195 .

1201 3196 1292 3264 bella
1314 3212 1347 3265 et
1368 3199 1516 3265 incestae
1532 3197 1696 3266 libidines.

1329 3383 1460 3451 Deinde
1482 3387 1525 3451 tle
1547 3384 1702 3450 Ecclesia
1721 3385 1786 3451 hae
1809 3386 1933 3452 causae
1955 3399 2044 3453 sunt.

1285 3538 1309 3602 1.
1354 3539 1465 3625 Prima
1487 3543 1688 3619 communis,
1711 3552 1848 3624 propter
1870 3552 2045 3625 peccatum
2066 3544 2181 3608 noble·
2302 3586 2305 3593 ·

1199 3646 1273 3690 cum
1296 3646 1451 3690 DDSDODS·

1286 3760 1324 3826 ll.
1370 3761 1536 3825 Secunda.
1581 3758 1665 3833 Quia
1694 3758 1858 3826 Diabolus
1887 3765 2066 3847 praecipue
2099 3764 2179 3829 insi·

1179 3848 1306 3919 ‚diatur
1326 3846 1519 3913 Ecclesiae.
1548 3849 1640 3911 iuxta
1662 3848 1803 3911 dictumt
1838 3846 2028 3914 lrtitnicitias
2057 3870 2189 3934 ponam·

1198 3936 1283 3999 iuter
1304 3953 1417 3998 semen
1441 3929 1602 4010 Mulieris,
1626 3943 1656 3995 et
1680 3931 1886 4017 Serpentem.
1932 3934 2025 3999 item:
2053 3934 2179 4000 Diabo-

1198 4016 1250 4083 lus
1280 4021 1396 4083 circuit
1423 4032 1579 4104 tanquam
1607 4018 1678 4082 Leo
1702 4021 1851 4105 rugiens.
1894 4018 1936 4085 Et
1958 4023 1991 4086 in
2019 4022 2078 4086 lob
2107 4033 2177 4086 este

1197 4101 1361 4171 Diabolus
1383 4118 1435 4170 est
1458 4108 1543 4170 inter
1565 4102 1652 4168 lilios
1673 4103 1749 4184 Dei,
1768 4121 1833 4170 ete.

1283 4240 1335 4307 lll.
1380 4240 1502 4306 Tertia.
1547 4239 1632 4314 Quia
1649 4240 1744 4306 Deus
1767 4244 1946 4327 praecipue
1968 4244 2000 4306 in
2022 4238 2177 4308 Ecclesia

1197 4324 1268 4392 v'ult
1296 4324 1433 4431 intelligi
1462 4329 1542 4391 iram
1565 4348 1658 4391 suam
1681 4329 1842 4393 advorsus
1865 4340 2023 4411 peccata,
2049 4340 2082 4393 et
2105 4348 2177 4393 cre·

1197 4433 1295 4478 scere
1315 4415 1563 4498 poetnten'tiam,
1586 4411 1692 4476 lucem
1716 4412 1825 4493 Fidei,
1855 4426 1889 4476 ct
1917 4412 2175 4493 lnvocationem,

1199 4512 1231 4563 et
1253 4500 1383 4584 reprimi
1405 4520 1527 4583 pravas
1550 4496 1799 4577 inclinationes,
1823 4502 1913 4563 iuxta
1937 4499 2074 4563 dictum:
2110 4499 2177 4564 Bo·

1198 4606 1276 4648 num
1298 4585 1374 4648 mihi
1396 4587 1485 4669 quod
1508 4583 1681 4648 harrtiliasti
1703 4604 1764 4663 me,
1785 4598 1821 4648 ut
1839 4585 2001 4648 discerent
2020 4587 2177 4650 iustiliae·

1199 4672 1306 4735 tiones
1324 4682 1409 4736 tuas.
1454 4671 1547 4734 hema
1566 4669 1648 4735 Cum
1673 4671 1865 4748 indicamur,
1890 4690 1911 4733 a
1932 4668 2078 4736 Domino
2102 4692 2176 4736 cor·
2217 4726 2223 4735 .

1199 4756 1343 4840 ripimur,
1366 4777 1408 4820 ne
1431 4777 1503 4820 curn
1528 4757 1593 4820 hoe
1615 4757 1736 4820 mundo
1754 4756 1955 4821 damnemur.
1989 4757 2110 4822 Esaiae
2120 4756 2174 4822 26.

1198 4841 1363 4927 Angustia
1385 4841 1540 4907 clamoris
1562 4839 1736 4925 disciplina
1759 4843 1809 4905 eis
1832 4853 1895 4906 est.

1283 4994 1349 5063 llll.
1395 4996 1531 5068 Quarta.
1576 4992 1670 5060 hlulti
1698 4996 1731 5060 in
1753 4994 1910 5061 Ecclesia
1931 4994 2054 5074 babent
2075 4997 2174 5060 etiarn

1198 5079 1339 5148 actualia
1356 5079 1485 5162 delicta,
1504 5102 1590 5167 quae
1604 5082 1784 5165 puniuntur
1800 5080 2028 5170 stragularihns
2042 5083 2173 5167 poenit,
