4628 5588
152 138 272 209 sur'
487 144 491 167 ¹
738 138 823 207 -v.
865 137 1136 208 nxrmcarro
1155 136 1359 207 suuntur
1379 116 1540 208 mount.
1802 80 1845 173 Γ
2106 145 2175 216 aas
2270 183 2277 201 ,

153 330 288 418 proprIe
309 278 655 417 sigrriiicatcredera
719 327 758 395 ln
779 326 913 396 Psalmo
935 331 978 397 de
999 326 1137 415 profun-¹
1186 296 1287 396 ludes
1317 270 1486 415 politicus,
1519 331 1598 420 quia
1628 332 1727 400 huius
1753 335 1884 421 peceati
1911 335 2171 423 magnitudines
2215 283 2229 303 ,

153 419 223 484 dis:
246 416 410 483 Sustinuit
431 416 541 481 anima
561 415 692 481 masin
714 417 819 481 verbo
847 418 930 482 eius.
968 421 1008 483 ·S
1052 418 1137 483 ravit
1186 413 1446 504 ipseintelligit.

108 498 116 511 '
153 504 263 589 eninm
284 523 359 569 mea
379 504 412 567 in
436 500 631 581 Dominum,
663 512 840 588 utrumque
871 504 980 573 vocab
1017 524 1072 570 um
1093 503 1136 569 si·
2110 528 2113 535 ·
2143 542 2149 553 -

153 588 292 678 gnificat
311 588 589 674 expectationem,
611 601 645 654 et
656 598 766 659 tarsen
779 588 1015 674 comprehendi
1036 589 1136 655 fidem
1201 614 1208 629 ·
1272 586 1400 655 Postea
1431 586 1589 667 Ezechiel
1605 589 1714 675 capite
1737 590 1789 657 ls
1816 592 1909 658 addit
1925 612 1968 658 ex
1990 589 2172 662 collatione
2286 656 2289 661 .

154 687 188 744 et
209 696 304 762 spem
325 685 469 761 oportet,
491 676 568 761 quia
589 673 673 763 fides
689 675 835 741 intuetur
855 677 1005 742 verbum.
1185 669 1361 761 Evangelii
1394 676 1647 761 mitigationem,
1680 679 1759 762 quia
1780 670 1999 765 Evangelium
2021 690 2073 744 est
2094 701 2172 767 pro·

140 796 145 807 -
1119 838 1124 853 .
1186 761 1301 837 missio
1334 762 1471 847 gratiae,
1506 783 1592 849 quae
1623 761 1733 828 aufert
1758 784 1902 847 poenam
1923 776 2111 846 aeternam,
2139 778 2173 833 et

238 846 339 913 Primi
350 849 521 933 praecepti
538 844 654 911 Virtus
677 855 729 911 est
739 846 837 911 etiam
859 848 1028 934 patientia,
1051 866 1137 933 quae
1186 847 1314 933 mitigat
1335 845 1534 932 corporales
1555 868 1694 933 poenas.
1737 848 1775 912 ln
1796 848 1884 916 hunc
1905 853 2106 921 sententiam
2124 853 2173 919 ibi
2244 878 2252 895 ⁸

157 948 210 1001 ast
230 937 265 1001 in
287 933 354 1000 fide
375 946 410 999 et
431 932 606 998 dilectione
615 930 681 998 Dei
703 931 849 998 tolerare
871 934 1027 1014 adversa,
1050 952 1136 1020 quae
1187 932 1325 999 diciturt
1343 931 1446 999 Filius
1468 953 1537 999 non
1559 937 1707 1021 portabit
1727 936 1933 1022 iniquitatem
1954 940 2071 1021 patris,
2104 939 2172 1004 soi·

152 1019 249 1089 Dens
271 1019 345 1087 vult
366 1040 431 1085 nos
453 1021 629 1098 sustinere,
651 1029 686 1085 et
704 1016 892 1086 vellehanc
913 1021 1135 1088 obedientiam
1185 1015 1265 1087 licet
1287 1021 1321 1083 in
1342 1041 1452 1104 poena
1473 1030 1623 1100 aeterna,
1645 1023 1675 1087 si
1698 1042 1885 1088 conversus
1903 1023 2014 1089 inerit.
2058 1023 2172 1110 (ippo-

176 1118 291 1195 ropter
312 1105 434 1186 Deum,
455 1128 497 1172 ac
518 1107 684 1171 intuentes
707 1104 912 1172 voluntatem
927 1106 1005 1185 Dei,
1026 1108 1135 1171 rninus
1186 1106 1234 1171 nit
1255 1105 1356 1257 ilgitur
1376 1105 1472 1173 Evan
1498 1103 1597 1174 elium
1617 1106 1713 1193 Legi,
1734 1108 2103 1197 inquiensrvivoego,
2122 1111 2172 1175 di·
2281 1181 2288 1195 ,

152 1131 279 1262 habere
300 1191 467 1270 dolorum,
484 1212 547 1257 nec
565 1187 707 1258 fremere
728 1194 894 1259 adversus
916 1190 1042 1272 Deum,
1074 1194 1136 1257 sed
1188 1192 1233 1256 cit
1291 1194 1431 1275 ominus,
1486 1192 1541 1260 olo
1563 1206 1705 1259 mortem
1726 1197 1929 1279 peccatoris,
1952 1197 2014 1261 sed
2034 1207 2073 1262 ut
2090 1214 2172 1262 eon·

127 1293 175 1348 'a
194 1279 272 1347 Deo
294 1289 471 1364 expectare
491 1289 549 1344 aut
570 1274 800 1349 liberationem
816 1292 876 1344 aut
887 1279 1135 1366 mitigationem,
1188 1288 1336 1343 vertatur
1358 1292 1392 1344 et
1412 1282 1513 1346 vivat.
1557 1280 1600 1346 Et
1621 1279 1747 1347 Ezech.
1769 1279 1822 1346 33.
1889 1282 2097 1368 Quocunque
2118 1283 2173 1348 die

153 1379 192 1447 ut
212 1365 300 1432 latro
321 1366 357 1429 in
389 1384 491 1431 cruce
517 1376 660 1450 accepta
690 1365 899 1446 remissione,
926 1367 991 1430 iam
1013 1366 1048 1429 in
1069 1364 1135 1430 fide
1187 1384 1372 1431 conversus
1396 1362 1496 1432 fuerit
1506 1368 1626 1451 impius
1635 1368 1679 1432 ab
1691 1368 1858 1452 impietate
1874 1390 1949 1448 sua,
1972 1380 2038 1434 etc.
2061 1370 2172 1447 orunia

155 1463 188 1518 et
210 1449 388 1518 dilectione
405 1450 472 1516 llei
490 1449 612 1517 tolerat
633 1470 787 1535 poenam,
809 1473 908 1536 quam
930 1451 996 1516 scit
1017 1472 1038 1516 a
1058 1449 1135 1517 Deo
1187 1463 1326 1536 peccata
1358 1453 1429 1518 eius
1463 1474 1532 1520 non
1564 1455 1812 1539 imputabuntur
1829 1456 1872 1536 ei,
1905 1456 2027 1535 idest,
2060 1474 2173 1539 poena
2269 1504 2272 1515 .

154 1540 343 1623 impositam
366 1556 461 1616 esse,
496 1538 552 1623 qni
573 1534 645 1602 vult
667 1539 851 1604 homicidas
872 1539 991 1624 puniri.
1056 1537 1136 1602 ideo
1187 1547 1324 1602 aeterna
1336 1535 1518 1619 auferetur,
1529 1552 1564 1606 et
1574 1541 1812 1626 mitigabuntur
1823 1537 2030 1628 corporales,
2043 1540 2172 1608 edanrsi

155 1638 189 1693 ct
215 1623 303 1690 hanc
324 1624 544 1690 obedientiam
565 1619 638 1688 vuit
658 1622 764 1688 Latro
784 1637 923 1710 propter
948 1622 1070 1703 Deum,
1103 1635 1137 1689 et
1187 1644 1257 1690 non
1277 1645 1420 1710 prorsus
1441 1624 1648 1694 auferuntur.
1998 1658 2000 1663 v

153 1713 286 1778 intuens
308 1707 511 1777 voluntatem
532 1711 640 1775 minus
661 1707 765 1776 hahet
785 1707 954 1791 dolorum,
986 1732 1050 1777 nec
1071 1707 1137 1776 fre·

154 1799 214 1864 mit
231 1798 397 1862 adversus
420 1796 542 1948 Degm,
574 1797 636 1861 sed
658 1807 814 1881 expectat
835 1796 933 1862 finem
955 1816 1086 1881 poenae
1103 1808 1138 1863 et

178 1885 186 1903 ‘
224 1906 256 1948 m
277 1893 331 1948 aet
352 1903 456 1947 rnam.
507 1883 589 1948 entit
609 1884 707 1947 etium
728 1884 877 1948 mcorde
887 1885 955 1948 miti
981 1884 1091 1948 atione
1127 1928 1135 1948 .

155 1894 223 1949 ”m
331 1904 351 1949 ⁹
957 1906 980 1971 ⁸
1092 1904 1125 1949 ¹¹¹
1371 1946 1435 2016 nn
1470 1948 1682 2017 suouuno
1716 1948 1994 2018 numerere.

242 2054 405 2122 Omnibus
434 2064 544 2121 autem
570 2053 718 2140 Legibus
740 2054 872 2120 additae
894 2066 972 2119 sunt
998 2055 1137 2140 promis·
2243 2122 2247 2129 ,

157 2143 270 2208 sinnas
302 2153 336 2207 et
369 2141 661 2220 comminationes,
691 2141 769 2226 quia
793 2143 878 2206 ordo
900 2162 938 2206 sa
961 2141 1082 2206 ientiae
1104 2154 1138 2206 et
1273 2136 1391 2207 Dulcis
1414 2151 1448 2205 et
1470 2137 1559 2206 utilis
1585 2152 1639 2205 est
1660 2140 1885 2207 consideratio
1909 2141 2035 2206 ordinis
2057 2140 2171 2208 in‘lle·

157 2228 300 2294 iustitiae
320 2229 354 2292 in
375 2225 451 2292 Deo
472 2225 527 2292 hic
549 2237 615 2304 est,
636 2238 674 2292 ut
695 2227 792 2293 iustis
815 2230 902 2293 bene
923 2162 979 2308 sh,
1001 2239 1035 2294 et
1056 2227 1137 2293 iniu-
1189 2222 1321 2313 calogo.
1363 2224 1511 2293 Primirm
1553 2245 1652 2293 raece
1675 2237 1744 2293 tum
1765 2225 1914 2315 loquitur
1941 2228 1983 2293 de
2004 2238 2116 2293 mente
2137 2237 2172 2294 et
2254 2224 2260 2239 '

144 2314 249 2380 'stitia
277 2312 477 2380 destruatur.
521 2311 564 2381 Et
597 2313 648 2378 sio
676 2313 832 2379 conditae
854 2325 933 2379 sunt
955 2310 1136 2379 rationales
1188 2312 1302 2390 corde,
1325 2312 1403 2398 quia
1424 2311 1499 2379 Lex
1543 2324 1620 2379 ocet
1664 2310 1807 2379 etotius
1828 2311 2172 2379 hominisconlormi·

158 2410 343 2479 creaturae,
364 2411 403 2465 ut
423 2410 539 2466 essent
560 2395 751 2465 conformes
778 2397 855 2465 Deo
878 2402 912 2464 in
934 2401 1137 2486 sempiterna
1188 2408 1256 2463 tate
1279 2420 1356 2463 curn
1377 2396 1466 2479 Dan,
1499 2409 1533 2464 et
1554 2401 1683 2465 orditur
1704 2421 1726 2466 a
1748 2400 1885 2466 summis
1908 2400 2078 2486 potentiis,
2135 2420 2172 2465 er

154 2485 280 2552 iustitia
311 2496 345 2551 et
377 2487 578 2571 sempiterna
610 2482 747 2551 laetitia·
812 2486 999 2573 Postquam
1025 2498 1136 2553 autem
1188 2505 1271 2571 quas
1293 2484 1338 2561 iit,
1354 2483 1522 2571 copulatio
1546 2506 1621 2553 eum
1642 2484 1730 2566 Deo,
1764 2483 1921 2554 videlieet
1941 2482 2075 2553 lucente
2130 2506 2172 2551 eo

155 2568 291 2638 Diaboli
312 2584 345 2638 et
362 2585 481 2639 natura
496 2572 641 2637 humana
663 2568 856 2639 defecerant
870 2594 897 2637 a
919 2570 1007 2654 Deo,
1039 2593 1136 2639 secu·
1186 2573 1261 2656 ipso
1295 2570 1329 2635 in
1360 2570 1551 2638 hominibus
1585 2593 1646 2657 per
1663 2572 1822 2653 notitias,
1856 2583 1890 2637 et
1911 2569 2173 2639 transformante

155 2668 210 2724 tae
242 2669 321 2724 sunt
364 2679 487 2739 cenae,
521 2657 608 2725 sicut
630 2659 672 2724 de
694 2678 818 2744 genere
838 2654 984 2726 humano
1004 2659 1136 2724 concio·
1186 2656 1319 2722 nostra*
1337 2677 1482 2741 eor-pora
1503 2658 1547 2723 ad
1568 2677 1652 2724 suos
1670 2667 1781 2724 motus
1802 2658 1845 2723 ad
1874 2659 2061 2724 ordinatum
2082 2678 2172 2723 amo·

144 2755 254 2817 ,natur
274 2742 323 2809 Pa
359 2767 415 2812 uae
436 2743 502 2810 Per
522 2754 698 2829 peccatum
719 2763 822 2811 mors.
866 2743 965 2809 ilunc
987 2747 1136 2811 ordinem
1186 2763 1267 2823 rem,
1301 2743 1486 2809 ordinatam
1517 2741 1688 2822 laetitiam,
1722 2754 1756 2809 et
1776 2745 1820 2809 ad
1841 2743 1930 2810 aiios
1951 2742 2093 2833 adfectus
2116 2764 2171 2809 or·

65 2860 101 2907 ,ι
155 2830 227 2896 Lex
260 2830 360 2897 etiam
390 2833 424 2897 in
458 2827 689 2915 corporalibus
710 2831 830 2915 poenis
860 2830 1015 2910 ostendit,
1048 2842 1082 2897 et
1102 2833 1136 2897 in
1186 2830 1329 2896 dinatus.

154 2918 325 2984 atrocibus
361 2917 489 2985 delictis
523 2936 566 2982 ec
587 2912 790 2997 manifestis,
822 2916 896 2982 sive
917 2914 1135 3005 Magistratus
1418 2978 1423 2985 .

155 3000 236 3068 lacit
257 2998 415 3086 officium,
442 3006 515 3070 sive
546 3024 615 3068 non
637 3000 729 3082 iacit,
761 3015 873 3069 tamen
895 3002 993 3068 etiam
1013 3005 1048 3069 in
1068 3002 1136 3069 hae
1274 3001 1362 3076 Quia
1395 3019 1478 3066 vero
1510 2999 1611 3067 homo
1644 3003 1804 3069 conditus
1830 3014 1882 3068 est
1902 3002 1947 3068 ed
1966 3001 2174 3082 societatem,

156 3091 225 3154 vita
246 3088 340 3157 Deus
369 3091 442 3176 ipse
464 3087 695 3195 corporalibus
724 3091 843 3176 poenis
865 3091 993 3177 atrocia
1014 3089 1135 3176 dehcta
1186 3099 1221 3154 et
1240 3108 1353 3154 sermo
1376 3098 1431 3154 est
1451 3090 1587 3155 nuntius
1609 3090 1730 3156 mentis
1753 3101 1788 3155 et
1811 3088 1923 3177 cordis
1946 3090 1981 3155 in
1998 3089 2173 3169 societate,
2300 3108 2303 3112 ·

155 3177 260 3261 punit,
283 3177 373 3243 iuxta
393 3178 479 3244 haec
502 3178 602 3256 dicta,
619 3186 656 3242 ut
678 3176 720 3242 de
742 3172 948 3262 blasphemis
972 3188 1005 3242 et
1027 3177 1135 3263 periu-
1186 3196 1264 3240 mox
1286 3174 1471 3242 secundum
1492 3187 1709 3262 praeceptum
1729 3173 1877 3263 loquitur
1894 3177 1937 3243 de
1949 3193 2117 3255 sermone,
2138 3183 2173 3240 et

155 3264 218 3327 ris:
251 3260 329 3328 Non
358 3261 495 3331 habebit
526 3261 622 3329 Deus
655 3265 840 3343 insontem,
869 3264 1021 3348 quisquis
1050 3284 1136 3330 vane
1186 3262 1348 3347 praecipit
1371 3262 1637 3328 convenientiam
1660 3264 1825 3330 sermonis
1848 3284 1923 3329 cum
1946 3262 2060 3342 corde,
2083 3259 2173 3346 quod

156 3350 329 3435 usurpabit
358 3371 480 3417 nomen
502 3350 584 3415 eius.
651 3347 694 3414 Et
716 3350 758 3414 de
779 3348 970 3415 homicidis:
1004 3348 1135 3429 Omnis,
1188 3358 1242 3415 est
1263 3344 1438 3414 conforme
1459 3369 1535 3414 curn
1555 3348 1643 3415 Deo.

181 3436 215 3501 ui
237 3433 384 3541 gladium
403 3437 586 3587 acceperpt,
607 3433 874 3586 glumam·
905 3434 960 3540 De
982 3436 1135 3500 incestis:
1273 3519 1304 3584 U
1524 3520 1533 3540 ·
1620 3516 1657 3584 ffi
1744 3520 1753 3539 ·
1973 3519 2017 3583 “a
2071 3518 2158 3583 mm

156 3542 524 3675 ualldlliel?
560 3524 1136 3694 ‘dnhaalbillfflldniltill
1188 3607 1251 3672 uta
1274 3531 1461 3673 stitit
1505 3540 1634 3671 tritt
1653 3529 2172 3692 tahhtttttintmn

157 3695 235 3780 quia
251 3692 449 3783 spoliaberis
470 3707 536 3763 etc.
1100 3774 1102 3781 Ι
1188 3714 1279 3758 vam:
1334 3714 1378 3758 on
1399 3691 1541 3758 habebis
1550 3690 1645 3757 Deos
1663 3690 1805 3759 alienos:
1828 3692 1877 3758 lta
1899 3692 2058 3776 deinceps
2081 3690 2172 3755 scias

951 3788 953 3792 '
1187 3779 1222 3844 iu
1242 3801 1265 3844 n
1310 3780 1408 3846 ativis
1430 3799 1563 3864 semper
1583 3775 1732 3844 inclusas
1754 3774 2074 3858 esseuffirmativas,
2095 3797 2173 3843 cum

115 3916 118 3921 .
242 3866 329 3934 Sunt
349 3867 503 3955 igituret
523 3869 630 3972 primo
650 3876 832 3952 praecepto
848 3866 980 3931 additae
990 3865 1146 3953 promis.
1187 3865 1254 3932 ait:
1326 3887 1372 3931 on
1392 3866 1571 3952 usurpabis
1593 3885 1714 3930 nomen
1735 3862 1801 3930 Dei
1821 3885 1920 3946 vane,
1953 3861 2173 3951 prohibentur

157 3953 271 4019 sicnes
293 3965 327 4020 et
348 3952 633 4019 comminationes.
677 3951 749 4017 Etsi
777 3963 889 4018 autem
909 3972 1041 4038 poenae
1062 3973 1136 4018 cor·
1188 3972 1304 4018 omnes
1321 3954 1449 4018 abusus
1471 3951 1615 4018 nominis
1637 3950 1746 4018 divini.

155 4037 291 4125 petales
309 4041 341 4104 in
362 4038 455 4124 Lege
477 4051 555 4106 sunt
575 4042 712 4104 umbrae
726 4037 957 4127 significantes
978 4039 1060 4103 iram
1071 4038 1136 4104 Dei
1444 4096 1454 4107 .

105 4174 111 4183 ,
155 4136 191 4191 et
213 4125 473 4191 destructionem
505 4136 685 4204 aeternam,
717 4138 826 4192 tamen
856 4146 932 4192 cum
954 4123 1024 4190 Lex
1046 4126 1136 4205 dicit,
1275 4123 1457 4190 Sciendum
1489 4133 1542 4189 est
1571 4124 1690 4210 igitur,
1722 4123 1779 4210 qui
1809 4123 1878 4187 sint
1898 4124 1969 4188 veri
1990 4141 2082 4188 usus.
2128 4119 2172 4188 lli

156 4208 275 4299 vag'ari
308 4229 368 4277 eas
400 4229 462 4296 per
493 4212 624 4276 tertiam
652 4222 686 4275 et
706 4222 858 4362 pacatam
878 4211 1138 4298 generationem,
1188 4209 1514 4316 comprehenduntur
1533 4210 1587 4275 his
1609 4211 1780 4297 gradibus,
1803 4207 1893 4274 Vera
1908 4210 2076 4274 invocatio
2092 4205 2171 4290 Dei,

154 4295 302 4384 loquitur
322 4298 457 4382 proprie
478 4297 521 4362 de
543 4317 584 4361 co
649 4293 711 4362 rali
736 4295 1138 4384 uspoenis,quas1)eus
1189 4295 1378 4365 Granmnm
1400 4297 1501 4377 actio,
1524 4296 1677 4364 doctrina
1697 4305 1732 4362 et
1753 4292 1935 4360 confessio.
2266 4304 2269 4313 '

98 4454 102 4460 ,
157 4384 345 4470 exequitur,
379 4393 417 4449 ut
447 4388 584 4468 propter
630 4380 784 4449 dolorum
813 4383 923 4450 cultus
948 4404 1011 4469 per
1032 4395 1139 4451 totum

156 4490 264 4557 genus
281 4469 624 4561 humanumomnibus
645 4471 850 4555 temporibus
860 4468 1037 4538 horribiles
1057 4491 1138 4559 poe-
1275 4468 1370 4543 Quae
1392 4470 1437 4536 sit
1457 4490 1540 4535 vera
1560 4468 1747 4546 invocatio,
1779 4466 1920 4533 discitur
1946 4468 1982 4532 in
2004 4465 2172 4533 communi

157 4577 222 4623 nae
244 4552 440 4643 corporales
463 4565 640 4643 vagantur.
1189 4556 1340 4623 doctrina
1362 4554 1629 4643 deprecatione,
1651 4551 1818 4635 videlicet,
1839 4556 1873 4619 iu
1895 4573 1962 4639 qua
1972 4572 2088 4625 verum
2101 4551 2171 4617 De·

377 4680 382 4689 ·
1168 4646 1244 4709 'um
1266 4640 1475 4730 alloquimur,
1506 4653 1540 4709 et
1562 4642 1749 4728 cogitamus
1770 4652 1950 4726 praecepta
1971 4639 2014 4704 de
2033 4641 2171 4706 invoca·

243 4727 343 4802 Quod
374 4741 484 4795 autem
517 4727 671 4793 obiicitur
699 4728 821 4793 dictum
842 4726 942 4795 Dsut
964 4729 1018 4796 id.
1061 4728 1138 4795 Non
1188 4730 1279 4795 tione
1301 4740 1335 4795 et
1350 4731 1394 4795 de
1414 4728 1649 4815 promissione,
1670 4739 1705 4794 et
1724 4727 1792 4794 ilde
1803 4727 2059 4814 petimusbona,
2082 4743 2171 4821 qnae
2297 4756 2303 4777 ν

79 4859 87 4875 .
158 4815 354 4882 occidentur
382 4824 498 4901 patres
519 4834 582 4900 pro
603 4810 692 4895 liliis,
724 4820 789 4896 nec
810 4812 869 4879 iiiii
890 4837 952 4902 pro
973 4818 1138 4901 patribus,
1187 4818 1340 4901 promisit
1361 4826 1426 4881 etc.
2266 4816 2273 4823 ’

156 4900 377 4984 Praeceptum
409 4902 551 4968 traditur
566 4897 704 4988 ¹politico
724 4901 825 4967 iudici
848 4901 891 4966 de
912 4904 1059 4971 externis
1081 4904 1139 4969 de'·
2150 4946 2158 4957 -

156 4983 258 5065 lictis,
279 4988 341 5052 sed
360 4986 456 5057 Deus
477 5000 620 5074 poenam
639 4987 676 5053 in
696 4986 762 5071 hoc
783 4999 964 5074 praecepto
980 4990 1138 5057 maiorem
1202 5014 1205 5023 ·
1274 4988 1424 5055 Pertinet
1444 4986 1487 5063 ad
1508 4984 1753 5053 invocationem
1772 4995 1809 5052 et
1824 4985 2064 5070 iuramentum,
2114 4981 2171 5050 ula

24 5160 28 5173 ¹
158 5072 274 5138 mucia
287 5071 507 5160 comoralm
527 5095 628 5163 mam
644 5074 843 5161 ipse-tamen
864 5077 1138 5179 menuitur-,firm
1188 5094 1227 5143 re
1247 5076 1323 5163 ipsa
1342 5073 1563 5147 iuramentum
1582 5076 1643 5141 att·
1658 5073 1825 5142 invocatio
1836 5069 1922 5154 Dei,-
1934 5073 1971 5138 in
1992 5090 2060 5159 qua
2194 5176 2206 5187 -
2288 5136 2301 5159 ,

365 5236 375 5271 t
602 5266 605 5273 .

314 5310 464 5357 nimiu:
474 5315 557 5361 OPER,
570 5315 633 5360 VOL.
648 5314 732 5360 xxm.
1054 5374 1057 5385 ,
1964 5295 1998 5347 ³⁰
