4628 5588
183 114 249 183 εει
341 58 371 163 s
685 101 694 125 “
933 110 1006 180 vu.
1027 109 1091 178 na
1112 93 1422 180 rnumruuus.
1543 194 1548 205 ¹
1705 151 1710 159 -
1972 146 1981 164 ·
2129 109 2196 180 um

183 323 257 385 aas,
290 315 328 369 ut
358 324 539 371 aerumnae
570 313 737 370 testentur
764 323 824 369 eos
846 304 936 371 serlo
957 304 1009 369 sic
1029 303 1165 382 sentire,
1214 301 1319 369 Filius
1351 298 1433 381 Dei,
1466 322 1533 388 qua
1565 321 1652 368 voce
1684 302 1899 367 admonemur
1920 299 1962 366 da
1982 320 2021 365 re
2041 299 2196 381 maxima,

174 390 376 471 uiderent,
423 393 477 456 uia
497 390 669 457 veritatem
684 386 872 457 anteferunt
882 380 983 472 vitae,
1005 402 1039 456 et
1060 391 1163 457 omui·
1215 389 1383 467 videlicet,
1405 409 1471 454 non
1494 390 1567 455 sine
1589 389 1782 454 admiranda
1806 387 2041 472 disputatione,
2064 387 2107 451 de
2130 383 2198 452 col·

139 525 142 530 -
183 478 257 545 bus
271 498 379 544 comm
426 480 454 543 is
477 496 664 565 corporum.
1214 472 1339 541 latione
1360 476 1504 541 iustitiae
1524 485 1559 541 et
1580 475 1828 540 misericordiae
1850 472 1930 554 Dei,
1959 474 2101 539 remissa
2119 491 2199 540 esse

1217 563 1330 649 generi
1361 561 1507 628 bumauo
1539 573 1690 647 peccata,
1723 561 1891 647 quomodo
1925 557 2081 627 videlicet
2101 559 2198 627 Deus
2230 574 2233 578 ’

271 649 376 719 Sexta
410 668 526 728 causa,
558 659 594 715 ut
626 646 834 715 adflictiones
855 651 923 714 siut
941 648 1164 715 testimonium
1216 646 1314 715 simul
1350 659 1385 713 et
1417 649 1552 727 iustus,'
1569 660 1603 713 et
1635 648 1827 713 misericors
1845 658 1953 721 esset.
2017 645 2198 712 Eiiciamue

182 734 452 803 immortalitatis.
497 733 581 802 Cum
603 736 689 802 enim
712 735 805 801 Deus
824 732 1007 801 illustribus
1025 737 1164 801 miracu·
1216 738 1366 801 enimes
1389 735 1553 799 mentibus
1575 735 1701 799 nostris
1736 732 1857 798 stultas
1891 734 2065 818 opiniones
2084 731 2198 799 huma·

182 820 226 888 lis
250 823 434 888 ostenderit
456 824 520 887 sibi
542 820 678 908 placere
700 819 799 902 Abel,
819 819 958 888 Paulum
982 819 1164 899 etsimiles,
1216 842 1291 900 nos,
1320 841 1407 906 quae
1439 820 1605 886 somniant
1638 819 1747 885 Deum
1767 831 1806 885 ut
1827 817 1953 889 lentum
1973 817 2198 905 patremlaml·

183 919 217 975 et
249 919 362 975 tamen
385 911 462 974 sinit
494 928 555 975 eos
587 906 740 989 interfici,
772 928 917 975 necesse
949 919 1003 975 est
1035 921 1165 973 restare
1216 906 1292 980 lias,
1313 928 1375 973 seu
1398 917 1434 971 ιιι
1456 908 1606 973 Stoicum
1629 927 1697 971 non
1718 904 1820 971 ir'asci
1841 917 1994 990 peceato,
2018 908 2083 971 imo
2105 906 2198 973 lusti·

183 993 276 1064 eliud
297 995 466 1079 iudicium.
1216 996 1262 1061 tia
1282 993 1449 1059 Deirere
1471 1004 1505 1058 et
1526 988 1727 1058 horribiliter
1748 992 1902 1058 irascitur
1919 994 2072 1058 omnibus
2095 992 2199 1059 omul·

749 1110 757 1129 ι
980 1146 983 1151 ,
1216 1101 1272 1147 um
1293 1081 1456 1166 peccatis,
1477 1092 1514 1149 ut
1536 1080 1672 1146 dicitur:
1694 1077 1790 1144 Deus
1812 1089 1866 1144 est
1886 1079 1974 1167 iguis
1986 1097 2199 1145 consumens.

271 1167 433 1253 Septima,
453 1177 492 1233 ut
511 1164 629 1233 fiamus
647 1164 774 1233 similes
796 1166 950 1254 imaginis
971 1163 1044 1232 Filii
1065 1165 1142 1232 Del.

1306 1250 1382 1319 Fuit
1403 1254 1505 1339 igitur
1527 1251 1708 1337 disputatio
1730 1248 1773 1317 de
1796 1246 1976 1317 collatione
1999 1251 2144 1317 iustitiae
2166 1261 2199 1317 et
2231 1288 2235 1295 ·

272 1335 415 1417 Octava,
447 1337 544 1404 etiam
576 1339 633 1404 ubi
665 1359 733 1405 uon
767 1350 844 1405 sunt
877 1351 1015 1410 externa
1042 1336 1165 1404 delicta
1189 1298 1476 1434 l'misericordiae,
1510 1360 1610 1425 quam
1641 1336 1734 1404 nulla
1767 1349 1920 1404 creatura
1942 1335 2111 1422 explicare
2138 1358 2198 1423 po·

183 1424 330 1489 atrociae
351 1436 461 1488 tamen
483 1423 580 1490 Deus
601 1423 674 1491 vult
695 1428 728 1491 ln
750 1423 862 1492 multis
884 1426 1042 1491 interiora
1063 1422 1163 1505 mala,
1218 1429 1348 1507 ιιιίεεει,
1380 1426 1442 1492 sed
1475 1426 1628 1491 miranda
1655 1422 1896 1491 deliberatione
1917 1425 2043 1505 diviua,
2074 1444 2130 1489 res
2153 1425 2200 1488 ita

183 1510 386 1600 superbiam,
408 1511 656 1577 admirationem
678 1513 743 1592 sui,
763 1533 820 1577 car
845 1509 930 1578 alem
952 1513 1164 1577 securitatem
1218 1515 1396 1579 diiudicata
1416 1523 1479 1592 est,
1500 1525 1537 1578 ut
1559 1513 1608 1577 ira
1628 1512 1662 1577 in
1686 1511 1804 1577 lilium
1826 1510 2046 1591 derivaretur,
2067 1520 2101 1576 et
2124 1528 2200 1577 cae·

184 1595 375 1672 emendare,
397 1609 436 1661 ut
457 1598 591 1662 dicitur:
613 1597 744 1664 Bonum
765 1600 842 1665 milu
877 1598 966 1686 quod
988 1595 1166 1665 humiliasti
1218 1602 1300 1666 teris
1333 1600 1522 1665 bominibus
1545 1611 1681 1684 propter
1703 1595 1819 1663 Filium
1842 1608 2046 1681 parceretur.
2094 1595 2200 1683 *Nam

183 1702 248 1763 me,
268 1693 307 1748 ut
327 1683 492 1748 discerem
512 1682 767 1753 iustificationes
789 1697 873 1751 toas.
1217 1707 1360 1753 necesse
1381 1683 1443 1750 init
1464 1685 1539 1752 Deo
1556 1702 1621 1769 ‘per
1639 1685 1872 1763 obedientiam,
1893 1680 1948 1749 vel
1969 1704 2030 1768 per
2058 1702 2200 1767 poenam

184 1844 188 1866 ι
1218 1770 1481 1860 aequivalentem
1503 1768 1670 1839 satisfieri.
1898 1797 1906 1805 ·

270 1854 369 1919 Noua
402 1875 517 1935 causa,
550 1867 587 1920 ut
617 1867 778 1945 appareat
810 1868 948 1922 sanctos
975 1857 1166 1931 universam
1688 1858 1693 1867 '
2123 1900 2127 1917 .

187 1940 409 2007 obedientiam
431 1951 605 2027 praestare
627 1942 853 2030 principaliter
863 1953 1001 2029 propter
1023 1942 1166 2029 gloriam
1303 1942 1408 2011 lluius
1430 1896 1600 2010 librandae
1618 1941 1868 2009 deliberationis
1890 1960 2014 2006 causas
2032 1938 2200 2006 discemus
2298 1962 2301 1967 ’

185 2022 261 2106 Dei,
282 2047 350 2091 nnn
373 2041 498 2093 tantum
521 2042 660 2115 propter
681 2050 761 2095 suas
778 2027 951 2109 utilitates,
968 2041 1005 2094 ut
1026 2027 1166 2094 inPsal·
1216 2033 1251 2097 in
1283 2032 1352 2097 vita
1384 2043 1532 2111 aeterna,
1560 2051 1648 2095 nunc
1681 2029 1878 2096 beneficium
1912 2029 2018 2111 ipsum
2041 2024 2113 2094 vult
2135 2048 2200 2092 nos

185 2132 240 2178 mo
263 2113 399 2179 dicitur:
433 2114 526 2181 Haec
548 2117 659 2182 omnia
687 2128 851 2182 venerunt
873 2136 975 2201 super
996 2136 1080 2196 uos,
1102 2134 1166 2181 nec
1217 2111 1406 2205 agnoscere
1428 2117 1535 2196 Deus,
1558 2127 1592 2180 ει
1612 2114 1684 2183 vult
1702 2128 1952 2198 nosutrumque
1969 2134 2009 2179 co
2036 2115 2136 2195 itare,
2152 2115 2200 2179 lu·

180 2197 278 2265 ,obliti
300 2219 416 2265 sumus
439 2211 483 2266 te.
1028 2240 1034 2250 ·
1171 2270 1179 2287 Ι
1218 2217 1350 2290 gentem
1373 2223 1450 2268 esse
1471 2204 1749 2281 misericordiam,
1782 2202 1871 2287 quod
1894 2135 2201 2285 genuszuuranum

423 2360 426 2364 ,
520 2314 546 2364 e
793 2291 797 2301 '
1200 2303 1390 2376 ,receptum
1424 2301 1487 2368 est,
1521 2286 1620 2354 simul
1642 2310 1757 2354 reram
1778 2305 1812 2353 et
1840 2288 2009 2373 ingentem
2030 2287 2111 2353 iram
2140 2287 2200 2351 ad·
2273 2358 2279 2365 ,

274 2367 430 2453 Decima,
459 2384 496 2439 ut
530 2375 692 2461 adpareat
712 2372 899 2440 Ecclesiam
921 2393 989 2439 non
1012 2373 1165 2439 humanis
1218 2399 1339 2443 verses
1368 2388 1554 2462 peccatum,
1588 2376 1678 2462 quod
1710 2395 1863 2461 poenam,
1895 2384 1935 2440 ει
1957 2373 2201 2460 compensatio·

186 2454 335 2522 consiliis
348 2470 381 2522 et
393 2462 579 2545 praesidiis,
599 2462 660 2525 sed
682 2462 727 2525 ab
749 2463 824 2548 ipso
846 2461 932 2526 Filio
955 2459 1036 2541 Dei,
1060 2463 1166 2544 capite
1217 2485 1294 2531 uem
1314 2476 1440 2531 tantam
1461 2464 1662 2529 intervenire
1685 2463 1840 2548 oportuit.
2092 2468 2097 2479 '

184 2552 220 2606 et
242 2542 327 2608 duce
349 2541 534 2627 Ecclesiae,
567 2547 678 2612 divina
698 2549 847 2632 potentia
870 2546 999 2635 colligi,
1034 2546 1166 2613 defendi

184 2637 219 2691 et
250 2631 397 2710 servari,
438 2643 472 2696 ει
503 2633 535 2697 ln
571 2646 688 2697 nostra
723 2633 912 2700 infirmitate
942 2634 1166 2718 conspiciatur
1305 2636 1380 2702 Huc
1394 2635 1555 2720 quertiuet
1581 2646 1680 2708 vetus
1702 2642 1932 2722 argumentum
1962 2629 2097 2719 dignum
2119 2649 2201 2699 cou-

182 2715 373 2864 praeseutia
405 2715 477 2782 Filii
504 2719 568 2784 Dei
597 2721 840 2804 propugnantis
864 2740 927 2784 nos
947 2732 1064 2785 contra
1086 2718 1166 2783 Dia·
1218 2724 1428 2789 sideratione.
1544 2735 1546 2739 ’
2134 2722 2140 2735 ’

207 2797 309 2865 olum.
342 2802 372 2868 2.
408 2803 558 2869 Corinth.
580 2808 612 2870 t.
680 2795 952 2870 circumferimus
975 2803 1167 2870 thesaurum

63 2939 69 2954 .
182 2883 273 2951 hunc
295 2888 328 2951 in
351 2890 443 2953 vasis
466 2892 636 2971 testaceis,
657 2901 693 2957 ut
715 2888 913 2957 excellentia
935 2891 1102 2978 potentiae
1122 2892 1168 2955 sit
1305 2891 1557 2958 Misericordiae
1580 2901 1631 2958 est
1654 2908 1806 2976 parcere,
1829 2889 1889 2955 scd
1912 2889 2037 2955 iustitio
2064 2898 2118 2954 est
2138 2888 2198 2955 im·

182 2969 260 3052 Dei,
282 2985 315 3038 et
337 2996 405 3041 non
428 2996 470 3042 ex
491 2978 603 3051 nobis,
859 2998 884 3009 ·’
1217 2978 1419 3045 mutabiliter
1447 2999 1565 3045 servor
1606 2975 1732 3064 legem,
1765 2978 1935 3063 requirere
1964 2976 2199 3057 obedientiam,

1217 3063 1273 3132 vel
1292 3086 1436 3152 poenam
1455 3086 1542 3152 aequ
1579 3087 1642 3131 em.
1673 3105 1684 3129 t

271 3142 354 3213 Cum
388 3148 488 3234 igitur
518 3146 643 3214 multae
675 3151 829 3216 diversae
851 3169 975 3214 causae
997 3149 1075 3228 sint,
1104 3167 1167 3214 cur

182 3227 338 3297 Ecclesia
360 3237 511 3299 subiecta
533 3237 577 3300 sit
600 3237 704 3317 cruci,
737 3258 803 3301 nou
836 3237 1079 3324 imaginandum
1113 3248 1166 3301 εει
1303 3235 1398 3303 Deus
1420 3257 1487 3302 non
1510 3234 1620 3304 solum
1642 3247 1697 3302 est
1717 3234 1919 3308 misericors,
1947 3234 2009 3300 sed
2031 3233 2198 3309 etiamiu·

183 3336 301 3383 omnes
324 3317 528 3386 calamitates
542 3335 707 3387 certorum
720 3320 915 3388 delictorum
936 3343 1165 3408 poeuasesse,
1206 3319 1302 3390 stus.
1346 3324 1423 3389 Non
1445 3325 1548 3410 igitur
1568 3326 1702 3392 remittit
1722 3325 1797 3390 siue
1819 3321 2103 3408 compensatione,
2135 3341 2199 3387 seu

184 3416 218 3468 et
239 3407 323 3470 satis
343 3410 515 3474 commode
537 3410 779 3476 distribuuntur
807 3408 1006 3474 aillictiones
1029 3410 1062 3473 iu
1085 3432 1166 3495 qua·
1217 3407 1454 3476 satisfactione.

183 3488 260 3555 tuor
293 3513 429 3578 genera,
461 3493 560 3560 Aliae
593 3506 671 3560 sunt
702 3506 855 3579 τιμωρίαι,
885 3497 1004 3574 idest,
1037 3516 1166 3581 poenae

185 3589 350 3642 certorum
374 3577 548 3664 sactorum,
571 3595 607 3647 ut
630 3581 761 3648 exilium
784 3583 941 3663 DavidiS,
964 3578 1020 3648 vel
1043 3579 1165 3668 suppli·
1303 3582 1517 3667 Respondeo.
1563 3579 1723 3647 Concedo
1746 3591 1851 3645 totum
1870 3589 2111 3665 argumentum,
2129 3597 2199 3642 nou

185 3664 270 3728 cium
303 3664 472 3750 politicum
507 3668 761 3749 homicidarum,
802 3691 889 3755 quaa
923 3670 1052 3734 etiamsi
1088 3679 1166 3733 suut
1217 3668 1307 3736 lacta
1329 3684 1381 3735 est
1404 3670 1556 3735 remisslb
1579 3670 1651 3733 sine
1675 3666 1916 3743 satisfactione,
1941 3663 2198 3747 scilicctperso·

181 3769 329 3834 poenae,
364 3774 430 3818 non
453 3767 561 3822 tamen
584 3768 754 3822 merentur
780 3757 1010 3820 remissionem
1035 3751 1164 3841 culpae,
1217 3755 1288 3822 luta
1320 3779 1380 3842 per
1401 3754 1518 3822 Filium
1541 3755 1625 3834 Dei,
1658 3752 1732 3819 sola
1755 3753 1942 3819 obediontia
1964 3750 2035 3815 Filii
2058 3750 2134 3814 Dei
2147 3758 2197 3816 est

183 3848 392 3921 aut’9⁰9⁰ssss
415 3853 583 3922 aeternae,
613 3844 673 3907 sed
703 3853 780 3908 suut
801 3844 898 3930 signa
928 3845 997 3907 irae
1019 3840 1083 3907 Dei
1107 3843 1165 3907 ad·
1217 3841 1416 3923 satisfactio,
1449 3855 1481 3907 at
1508 3841 1652 3927 aequale
1678 3841 1818 3925 pretium
1853 3862 1913 3924 pro
1937 3839 2062 3903 uostris
2081 3856 2200 3920 pecca·

183 3939 304 3988 versus
326 3939 517 4009 peccatum,
549 3925 604 3995 vel
633 3931 820 3996 testimonia
848 3929 991 3996 iustitiae
1014 3929 1078 3995 Dei
1100 3931 1165 3995 ira·
1218 3932 1273 4008 tis,
1297 3929 1550 4003 etsacrilicium
1574 3926 1711 4014 placans
1734 3929 1814 3990 iram
1827 3926 1903 4005 Dei,
1926 3927 2013 3988 sicut
2035 3935 2068 3987 et
2081 3923 2199 3987 Esaias
2224 4010 2226 4014 .

182 4011 309 4072 scentis
331 4024 483 4094 peccato.
1218 4018 1339 4102 iuquit:
1373 4017 1477 4080 Pouet
1509 4017 1650 4080 animam
1683 4035 1776 4079 suam
1800 4012 1941 4076 hostiam
1965 4030 2025 4096 pro
2048 4021 2200 4093 peccato.

606 4144 612 4154 ·
1218 4104 1314 4168 Hanc
1336 4104 1501 4167 rictiutam
1524 4099 1595 4166 uult
1618 4100 1709 4165 Deus
1731 4103 1856 4185 aspici,
1890 4113 1920 4162 et
1943 4101 2024 4163 iram
2049 4118 2079 4159 ει
2105 4097 2198 4159 ruise

265 4177 367 4269 'Aliae
385 4195 463 4249 sunt
482 4183 666 4268 dereputetur,
687 4187 721 4253 id
744 4199 808 4267 est,
831 4187 988 4253 exercitia
1000 4185 1101 4263 ,utilia
1123 4190 1165 4268 ad
1218 4191 1396 4256 ricordiam
1418 4188 1644 4277 considerari,
1677 4207 1740 4251 nec
1763 4188 1960 4250 tribuendos
1979 4197 2030 4248 cst
2053 4181 2200 4246 biotan-

181 4261 365 4331 sreuandos
387 4271 474 4353 pioS,
498 4284 532 4336 et
555 4274 816 4349 confirmandam
849 4273 971 4354 fidem,
1000 4287 1037 4339 ut
1070 4296 1166 4342 aeru-
1218 4290 1274 4344 tus
1297 4278 1419 4354 hortos,
1453 4271 1607 4337 videlicet
1629 4293 1707 4337 esse
1731 4272 1835 4356 λύτρον
1857 4293 1918 4334 seu
1937 4267 2200 4334 sotisloctionem
2231 4312 2236 4328 ι

181 4373 281 4420 mnae
302 4352 433 4440 loseph.
465 4373 472 4385 ‘
674 4439 680 4446 .
1216 4386 1279 4449 pro
1302 4362 1461 4448 peccatis,
1481 4357 1539 4425 ulli
1563 4359 1729 4425 bornicum
1752 4360 1906 4423 iustitiae.
2249 4371 2254 4385 ·

156 4593 159 4598 ,
270 4522 368 4591 Aliae
389 4538 466 4592 sunt
485 4530 649 4617 μαρτύρια,
683 4531 713 4596 id
738 4542 801 4612 est,
829 4532 1019 4597 testimonia
1041 4533 1165 4598 doctri·
1303 4533 1456 4598 Necesse
1477 4543 1528 4596 est
1546 4532 1648 4619 igitur
1669 4531 1774 4594 taxari
1798 4549 1930 4594 errores
1960 4529 2001 4592 de
2029 4526 2200 4591 canonicis

182 4630 257 4694 nae,
280 4625 311 4677 et
333 4614 599 4698 immortalitatis,
627 4630 663 4684 ut
686 4616 786 4699 Abel,
807 4616 978 4698 leremiae,
1000 4617 1108 4699 Pauli,
1131 4634 1165 4685 ει
1215 4617 1513 4697 satisfactionibus,
1536 4638 1677 4702 sparsos
1699 4618 1732 4681 in
1744 4613 1929 4681 Ecclesiam
1951 4612 2100 4679 borribili
2124 4634 2199 4678 coe·

183 4696 337 4764 similium
359 4722 473 4768 neces·
1217 4708 1327 4770 nitate.
1372 4704 1549 4770 lilanilcste
1572 4703 1691 4768 salsum
1715 4715 1778 4781 cst,
1802 4704 2072 4786 remittipneuam
2095 4712 2199 4764 aeter-

261 4794 265 4801 ’
1216 4814 1292 4856 uam
1315 4805 1451 4877 propter
1470 4793 1649 4855 cartouicas
1663 4788 1922 4867 substitutiones,
1941 4787 2116 4853 manifeste
2138 4782 2200 4849 sol·

270 4868 466 4939 Aliassum
488 4875 591 4961 iimo,
623 4876 744 4956 idest,
776 4876 915 4963 pretium
937 4875 1162 4961 proeliorum
1215 4900 1288 4944 sum
1313 4892 1345 4943 ct
1368 4879 1434 4941 boc
1456 4889 1519 4956 est,
1543 4889 1709 4961 potestate
1722 4872 1953 4941 clarium'tolli
1978 4895 2107 4959 pierias
2120 4886 2200 4937 tem·

208 4959 345 5023 eccatis.
409 4961 491 5027 'lale
523 4976 633 5028 autem
667 4977 720 5027 est
753 4961 827 5027 sola
850 4983 940 5028 mors
970 4967 1067 5029 utrius
1091 4963 1162 5029 Filii
1215 4962 1362 5050 porales,
1397 4986 1462 5030 non
1496 4962 1669 5050 impositos
1702 4965 1840 5028 arbitrio
1873 4964 2109 5038 arirristrnrum,
2138 4957 2200 5023 sed
2302 4973 2305 4980 ·

217 5043 258 5110 ei.
304 5045 358 5111 Sic
379 5046 498 5116 Mattb.
516 5050 570 5115 20.
592 5052 740 5116 norninat
761 5071 857 5118 suam
878 5052 1070 5136 passionem
1092 5050 1165 5137 ipse
1216 5043 1408 5119 cunimunes
1441 5049 1517 5116 illas
1542 5061 1715 5138 ‚vagantes
1743 5072 1806 5135 per
1826 5060 2061 5139 totumgcnus
2075 5048 2199 5129 ¹buma-

742 5168 747 5177 .
1864 5147 1904 5259 ,ἡ
1991 5142 2154 5251 οὓς(
2206 5236 2213 5251 ,
