4628 5588
83 244 89 255 .
163 180 207 247 ει
842 175 883 244 n.
903 175 1096 245 aarum
1117 173 1500 244 oaoruauuoauu.
2109 128 2204 244 -ra'

164 372 197 436 iu
220 371 399 449 cordibus,
433 390 476 434 ac
493 368 559 434 hdo
575 366 674 434 simul
697 369 879 453 accipimus
899 368 1147 452 imputationem
1198 368 1375 452 quo‘omni
1398 365 1503 429 verbo
1527 361 1592 427 Dei
1613 365 1712 429 nobis
1734 364 1856 429 tradito
1888 366 2107 446 assentimur,
2139 386 2182 434 aa
2202 414 2217 427 ,

58 482 60 485 ·
163 455 309 523 iustitiae
330 477 391 521 seu
409 454 731 532 reconciliationem,
750 467 783 520 et
806 454 964 540 Spiritum
982 466 1147 534 sanctum,
1198 451 1295 519 simul
1318 455 1416 516 etiam
1438 451 1648 537 promissioni
1672 453 1815 536 gratiae,
1843 471 1918 515 cum
1948 471 2015 538 quo
2037 472 2182 520 assensu
2243 514 2247 521 .

165 554 200 608 et
221 541 383 607 efficimur
403 541 568 608 haeredes
591 545 679 607 vitae
707 540 893 620 aeternae,
914 541 1037 626 gratis,
1070 561 1147 624 pro·
1197 536 1464 623 inseparabiliter
1485 539 1663 601 coniuncta
1686 547 1740 601 est
1758 536 2126 624 fiducia'acquiesoens
2146 540 2182 604 in
2290 588 2295 601 .

115 633 126 639 “
188 640 240 692 ter
260 626 439 693 Christum.
483 629 575 693 llaec
593 629 702 693 onmia
730 627 979 713 comprehendit
1006 627 1146 692 dictumr
1198 624 1286 702 Deo,
1307 627 1398 689 iuxta
1420 623 1685 709 promissionem.
1712 622 1782 687 Sed
1804 625 1952 688 notitiam
1974 629 2181 709 praecedere

163 652 335 781 iustificati
370 714 435 778 lide
466 735 583 799 pacem
612 714 784 778 babemus.
826 713 870 777 Et
892 709 1002 777 Galat.
1025 713 1057 776 3.
1101 711 1148 776 Ut
1198 732 1348 792 necesse¹
1362 722 1432 789 est,
1460 711 1537 794 quia
1559 711 1694 773 notitiae
1717 721 1797 786 sunt
1817 710 2093 795 apprehensione.
2137 710 2181 776 Et

189 801 418 865 comissionern
448 801 591 884 Spiritus
620 800 824 883 accipiamus
851 818 919 883 ¹per
951 796 1060 863 fidem.
1103 796 1147 862 Et
1198 797 1230 860 in
1263 796 1329 861 hoc
1362 798 1436 880 ipso
1471 816 1614 860 assensu
1636 793 1739 859 Filius
1756 795 1820 860 Dei
1854 808 1907 861 est
1929 793 2070 876 eliicax,
2103 799 2183 863 dtctt
2277 810 2304 882 ᾗ

163 823 335 951 llomanos
357 887 388 950 5.
423 885 599 968 lustilicatif
621 887 784 970 sangnine
811 885 916 969 ipsius
939 885 1156 949 servabimus
1198 903 1284 947 voce
1307 881 1483 966 Evangelii
1503 879 1764 946 consolationem
1787 885 1820 946 in
1844 885 2044 961 cordetuo,
2069 897 2182 949 osteu-

164 993 235 1057 per
258 991 333 1037 eum
355 975 399 1036 ab
433 974 482 1036 ira
505 975 587 1037 eius.
632 971 707 1037 lluc
729 972 952 1056 adiungantur
969 969 1033 1037 alia
1055 971 1164 1035 testi·-
1198 970 1245 1032 dit
1267 966 1471 1035 voluntatem
1484 968 1605 1046 Patris,
1624 968 1763 1032 retrahit
1785 991 1844 1034 cor
1866 989 1908 1033 ex
1927 968 2054 1049 inferis,
2077 982 2111 1035 et
2132 970 2181 1034 vi·

163 1059 287 1137 monia,
308 1078 350 1123 aa
372 1061 548 1143 praecipue
592 1054 939 1141 ropositioEpistolae
960 1058 1004 1122 ad
1025 1055 1146 1122 Roma·
1198 1054 1311 1119 vificat
1332 1067 1376 1132 te,
1398 1066 1431 1118 et
1454 1055 1511 1118 dat
1533 1056 1733 1118 arrabonem
1755 1053 1913 1139 Spiritum
1935 1067 2101 1135 sanctum,
2124 1056 2181 1141 qui

163 1164 229 1210 nos
251 1145 360 1229 capite
382 1143 414 1209 3.
437 1158 471 1210 et
493 1080 699 1211 conliimatio
722 1145 831 1227 eapite
852 1144 884 1206 4.
1198 1143 1351 1205 accendit
1382 1138 1541 1204 laetitiam
1570 1153 1603 1203 et
1625 1142 1869 1207 invocationem
1892 1143 1924 1205 in
1948 1143 2062 1222 corde,
2090 1145 2181 1206 iuxta

200 1232 216 1261 ⁹
1198 1228 1303 1292 dicta:
1329 1227 1518 1309 Accepistis
1545 1226 1703 1309 Spiritum
1726 1224 1922 1292 clamantem
1944 1228 2045 1292 Abba
2067 1227 2179 1292 Pater.

289 1357 303 1367 .
393 1336 412 1367 ο
1198 1313 1294 1377 ltem:
1320 1311 1497 1376 Effundam
1519 1331 1621 1395 super
1637 1315 1770 1378 domum
1792 1312 1901 1379 David
1926 1312 2081 1396 Spiritum
2104 1333 2180 1400 gra·
2281 1332 2287 1341 ⁴

1197 1399 1264 1462 tiae
1287 1408 1319 1461 ct
1340 1419 1489 1483 precum,
1507 1409 1576 1462 etc.
1629 1398 1726 1472 Quod
1745 1411 1853 1464 autem
1877 1399 1978 1464 fides
2000 1401 2043 1464 sit
2063 1419 2180 1464 assen-

1197 1486 1249 1548 tiri
1292 1485 1480 1548 ron'rissioni
1499 1485 1639 1573 gratiae,
1660 1483 1870 1550 manifestum
1883 1498 1935 1551 est
1957 1506 1998 1551 ex
2021 1488 2128 1571 capite
2143 1485 2178 1550 A.

1198 1570 1241 1632 ad
1305 1589 1463 1648 onranoS,
1503 1572 1557 1634 ubi
1587 1569 1712 1636 Paulus
1732 1570 1931 1638 correlative
1952 1569 2087 1654 copulat
2103 1591 2180 1656 pro·

1198 1655 1387 1720 missionem
1421 1668 1454 1719 et
1487 1657 1595 1720 tidem.
1662 1656 1740 1722 ldeo
1773 1679 1814 1722 ex
1844 1657 1909 1725 fide
1931 1660 2054 1747 gratis,
2076 1670 2113 1723 ut
2135 1658 2180 1723 sit

1198 1741 1293 1806 firma
1313 1742 1503 1828 promissio.

558 1471 753 1559 Contra.

462 1680 492 1764 Ι.
523 1649 840 1793 Argumentum.

225 1920 307 2005 Ubi
338 1921 466 2003 multa
504 1922 621 2004 simul
658 1932 762 2025 sunt,
792 1928 876 2003 no'n
912 1930 975 2003 est
1009 1949 1086 2032 po-

284 2042 420 2124 nenda
451 2042 678 2124 Exclusiva.

223 2161 272 2245 In
303 2164 564 2245 conversione
593 2163 721 2245 multa
743 2161 861 2244 simul
891 2172 996 2262 sunt,
1027 2172 1091 2265 ut·

286 2280 495 2386 Contriti0,
533 2283 665 2387 Fides,
705 2281 890 2384 Dilecti0‚
929 2283 1085 2364 bonum

284 2403 546 2514 propositum,
579 2402 680 2513 Spes
710 2412 754 2519 et
779 2403 880 2484 aliae
902 2402 1083 2484 virtutes.

223 2521 331 2633 Ergo
376 2553 459 2606 non
496 2536 559 2605 est
596 2524 833 2625 dicendum,
880 2523 964 2606 sola
1000 2522 1084 2603 fide

284 2643 556 2756 iustificamur.

1477 2071 1549 2156 ΠΙ.
1587 2071 1901 2185 Argumentum

1255 2296 1356 2379 Fide
1388 2325 1527 2379 sumus
1557 2298 1661 2401 iusti,

1256 2416 1378 2500 Fides
1409 2429 1472 2500 est
1503 2447 1615 2527 opus,

1255 2535 1364 2648 Ergo
1395 2539 1585 2649 operibus
1615 2567 1753 2637 sumus
1779 2538 1882 2620 iusti.
1959 2608 1963 2619 ,

1281 2741 1484 2838 Respondeo
1507 2753 1548 2817 ad
1561 2754 1740 2818 maiorem:
1762 2752 1951 2837 Propositio
1973 2753 2071 2833 haec,
2093 2755 2175 2822 lide

1196 2858 1311 2902 sumus
1334 2841 1429 2917 iusti,
1463 2837 1657 2924 intelligitur
1687 2838 1901 2918 correlative,
1935 2838 2090 2914 videlicet
2114 2863 2175 2926 per

250 2857 454 2945 Respondeo
488 2860 530 2924 ad
564 2859 740 2924 minorem:
785 2852 988 2944 Quanquam*
1021 2856 1145 2923 multae
1230 2927 1238 2944 ‚
1297 2926 1305 2942 ‚
1392 2927 1400 2943 ‚
1627 2928 1635 2945 ‚
1692 2926 1700 2944 ,
2078 2928 2086 2946 ‚

1197 2927 1458 2993 nnserrcordram
1478 2946 1593 2990 sumus
1626 2939 1702 2991 rusti
1724 2937 1861 3010 propter
1883 2923 2000 2990 lrlrum
2022 2924 2121 3005 Der,
2140 2940 2174 2995 et

162 2947 303 3010 virtutes
326 2945 423 3010 simul
446 2948 576 3010 suntin
601 2946 832 3021 conversione,
855 2959 964 3010 tanuen
988 2967 1053 3010 nou
1067 2957 1146 3009 sunt

163 3052 288 3098 causae
310 3054 370 3098 seu
383 3033 497 3098 merita
519 3030 774 3110 iustificationis,
795 3033 829 3095 id
852 3045 914 3109 est,
937 3033 1143 3097 remissionis

38 3133 49 3151 ·
162 3131 376 3202 peccatorum
410 3129 443 3184 et
476 3118 753 3184 reconciliationis
777 3129 810 3182 et
832 3118 1077 3196 vivificationis,
1110 3130 1144 3182 et

163 3207 460 3286 donationisxvitae
483 3219 660 3269 aeternaet
684 3205 750 3269 Sed
774 3201 961 3285 solirrsFilii
976 3204 1040 3271 Dei
1063 3208 1141 3268 obe·

163 3293 284 3356 dientia
312 3303 363 3355 est
393 3312 497 3356 causa
519 3312 579 3355 seu
607 3293 757 3355 meritum
784 3289 1035 3381 iustificationis.
1080 3291 1143 3354 llio

163 3390 217 3441 est
236 3378 450 3462 propitiator,
482 3389 518 3441 ut
539 3376 710 3441 liomanos
732 3377 763 3441 3.
786 3378 915 3441 dicitur.
960 3376 1003 3440 Et
1024 3375 1164 3462 luban-2

162 3466 216 3528 nis
242 3465 269 3526 l.
315 3463 459 3551 Sanguis
482 3464 556 3529 lesu
579 3462 703 3529 Christi
731 3463 885 3548 purificat
903 3482 965 3527 nos
987 3465 1030 3528 ab
1055 3465 1141 3527 omni

162 3560 314 3634 peccato.

442 3881 492 3964 Il.
538 3880 853 4000 Argumentum

222 4101 474 4214 Impossibile
513 4114 585 4206 est,
622 4103 745 4184 ullam
776 4132 865 4186 rem
896 4131 984 4186 esse
1017 4103 1081 4214 lu·

68 4322 73 4329 ¹
283 4237 388 4305 stam
419 4223 503 4305 sola
533 4223 686 4325 notitia,

124 4322 167 4370 ⁴*
222 4341 343 4426 Fides
375 4356 439 4427 est
467 4355 628 4425 tantum
659 4343 814 4446 notitia,

222 4462 329 4575 Ergo
360 4492 444 4546 non
475 4476 538 4546 est
568 4463 797 4566 dicendum,
828 4442 913 4547 sola
943 4463 1037 4545 fide.
1081 4515 1103 4537 .

247 4678 451 4764 Respondes
484 4680 525 4744 ad
560 4679 735 4742 minoremr
767 4677 866 4743 hides
888 4700 956 4744 non
976 4676 1143 4765 significat

161 4764 217 4830 hic
238 4766 406 4845 notitiam,
440 4764 549 4851 qualis
572 4779 624 4829 est
646 4767 678 4830 in
701 4762 874 4846 Diabolis,
908 4766 970 4830 sed
992 4787 1066 4830 eom
1091 4786 1142 4829 re·

161 4851 276 4916 hendit
305 4852 452 4917 notitiam
476 4853 619 4917 omnium
643 4848 854 4917 articulorum
877 4850 971 4931 fidei,
1004 4864 1037 4916 et
1059 4788 1141 4915 lidu-

163 4938 301 5002 ciamiu
324 4938 506 5016 voluntate,
539 4939 806 5024 acquiescentem
828 4939 860 5002 in
881 4937 970 5017 Deo,
1005 4950 1141 5024 propter

161 5022 395 5106 Medietatem,
434 5026 561 5112 agnita·
583 5024 810 5089 misericordia
841 5024 876 5089 in
907 5025 1141 5110 promissione.

162 5108 250 5184 Quia
270 5108 368 5190 tues,
401 5111 445 5176 de
466 5102 532 5198 q'ua
554 5110 684 5177 Paulus·
702 5107 861 5196 loquitur,
891 5121 945 5177 est
966 5129 1142 5192 assensus,

1196 3013 1228 3074 id
1253 3012 1445 3075 beneficium
1465 3023 1597 3097 oportet
1619 3012 1684 3076 lide
1706 3014 1824 3097 accipi.
1868 3011 2066 3098 Quanquam
2089 3016 2176 3080 enim

1196 3096 1279 3163 fides
1303 3110 1355 3163 est
1378 3095 1548 3162 excellens
1572 3101 1694 3178 virtus,
1717 3109 1828 3163 tamen
1856 3100 1952 3164 etiam
1976 3112 2029 3162 est
2056 3100 2176 3183 imper·

1194 3183 1284 3248 secta
1307 3198 1339 3248 et.
1361 3181 1529 3269 languida.
1572 3183 1614 3247 Bt
1637 3184 1704 3248 hoo
1726 3181 1797 3249 vult
1821 3183 1972 3249 doctrina
1988 3183 2175 3264 Ecclesiae,

1196 3272 1372 3335 credentes
1404 3292 1465 3355 per
1498 3272 1756 3335 misericordiam
1789 3283 1926 3357 propter
1963 3269 2079 3337 Filium
2112 3272 2211 3353 Dei,

1195 3359 1349 3440 accipere
1372 3358 1599 3421 remissionem
1628 3370 1844 3441 peccatorum
1873 3369 1906 3421 et
1934 3354 2200 3422 reconciliatio·-

1195 3462 1289 3521 nem‚
1319 3463 1361 3517 ac
1383 3441 1517 3527 placere
1538 3464 1604 3507 non
1627 3456 1765 3528 propter
1786 3445 1953 3528 propriam
1972 3445 2176 3529 dignitatem.
2240 3492 2243 3497 ›

1194 3527 1273 3592 ideo
1295 3529 1400 3613 inquit
1418 3526 1554 3606 Paulus,
1578 3528 1699 3593 Sumus
1719 3527 1828 3593 dilecti
1851 3531 1882 3592 in
1906 3527 2039 3607 dilecto,
2058 3531 2090 3593 id
2112 3540 2176 3608 est,

1195 3626 1330 3698 propter
1351 3614 1480 3679 Filium.
1536 3613 1604 3678 Alii
1632 3628 1796 3699 quaerunt
1817 3613 1902 3679 alias
1924 3617 2194 3699 responsiones·

1196 3720 1279 3785 quas
1301 3700 1367 3765 boc
1389 3698 1466 3765 loco
1485 3703 1611 3764 omitto.
2064 3701 2067 3707 '

1459 4012 1550 4097 IIII.
1589 4011 1933 4124 Argumentum
1970 4091 1980 4111 .

1253 4234 1411 4319 Iustitia
1432 4247 1496 4319 est
1516 4236 1748 4318 obedientia
1773 4237 1999 4319 secundum
2028 4266 2170 4322 omnes

1314 4357 1495 4459 virtutes,
1526 4386 1599 4438 seu
1612 4356 1729 4439 iuxta
1748 4357 1879 4439 totam
1894 4356 2062 4467 Legem,
2094 4370 2168 4443 seu
2277 4390 2290 4405 ·

1315 4475 1573 4559 conformitas
1599 4505 1693 4558 cum
1724 4476 1841 4558 Deo.

1252 4578 1374 4679 Fides
1404 4626 1487 4678 non
1517 4607 1580 4679 est
1609 4623 1750 4678 omnes
1780 4595 1962 4702 virtutes,

1253 4714 1363 4828 Ergo
1392 4745 1475 4799 non
1505 4728 1569 4800 est
1597 4715 1764 4799 Iustitia.

1278 4931 1493 5020 Respondeo.
1534 4931 1642 4998 hlaior
1664 4942 1718 4998 est
1738 4950 1819 4998 vera
1841 4933 1884 4998 de
1904 4930 2033 4999 lustitia
2058 4890 2172 5018 legali.

1193 5016 1280 5093 Quia
1312 5041 1394 5084 vero
1430 5020 1479 5084 Le
1504 5020 1533 5083 's
1562 5019 1717 5085 iustitiam
1749 5016 1893 5101 (scilicet
1918 5020 1985 5084 inte
2012 5039 2080 5084 ram
2113 5019 2173 5082 ob·

1194 5105 1380 5192 edieutiam,
1402 5105 1470 5171 inte
1499 5125 1591 5173 orem
1612 5116 1646 5171 et
1664 5108 1880 5184 exteriorem)
1908 5041 2173 5183 conlabemna,
2218 5104 2223 5117 “

2017 5223 2049 5277 22

1682 5304 1699 5335 Ι
