4628 5588
136 209 247 279 *dib

180 402 276 468 randi
293 397 422 466 consilii
442 399 610 466 beneficia
631 400 897 479 considerentur,
932 418 1037 485 quare
1058 395 1162 462 Ftttus

141 493 143 497 ’
180 489 243 554 Dei
266 489 390 552 missus
408 488 463 567 sit,
486 500 524 552 ut
545 486 640 552 fieret
662 488 807 564 victima,
828 486 1074 571 etcogitatione
1092 486 1161 549 irae

178 575 244 646 Dei
262 576 425 639 adversus
443 584 560 638 nostra
577 585 728 722 peccata,
751 592 1027 657 expavescamus,
1042 575 1079 635 'et
1091 592 1162 635 rur·

91 704 94 711 -
179 681 238 726 sus
273 661 447 747 erigamur⁴
470 680 576 724 conso
591 661 702 725 atione
724 669 949 745 agnoscentes
968 658 1161 722 immensam

179 747 451 825 misericordiam,
499 767 542 809 ua
562 767 626 811 nos
649 745 744 811 Deus
767 756 904 830 propter
925 740 1043 808 filium
1065 755 1160 809 certo

178 834 307 917 recipit,
341 844 377 897 ιιι
409 832 442 896 in
476 766 630 896 doctrina
639 833 690 897 de
711 832 832 895 iustitia
854 829 931 895 fidei
954 831 1092 914 copiose
1113 828 1161 892 di·

180 921 273 985 citur.

266 1069 449 1151 Quaerunt,
472 1093 515 1136 an
537 1071 679 1157 Spiritus
701 1083 840 1137 sanctus
863 1072 927 1136 dici
946 1058 1162 1156 possitchri·

84 1192 90 1202 ·
178 1161 222 1225 sti
243 1172 351 1246 pater,
374 1180 448 1223 cum
471 1159 560 1227 dicat
582 1169 692 1224 textus
714 1161 748 1223 in
769 1155 959 1223 Matthaeot
983 1157 1083 1231 Quod
1104 1176 1161 1219 na·

177 1258 247 1312 tum
269 1257 329 1311 est
343 1246 376 1309 in
399 1265 448 1321 ea,
477 1257 528 1308 est
550 1255 584 1309 et
606 1245 729 1330 Spiritu
756 1255 884 1311 sancto.
949 1242 1161 1329 Respondeo.

178 1333 280 1398 Pater
301 1342 429 1397 tantum
451 1332 580 1410 dicitur,
617 1333 672 1417 qui
696 1352 790 1397 suam
811 1333 1032 1396 substantiam
1055 1341 1163 1392 trans·

178 1415 288 1484 fundit
320 1417 420 1495 inid,
452 1419 541 1503 quod
564 1419 678 1504 gignit.
744 1417 822 1481 ldeo
845 1417 987 1502 Spiritus
1010 1426 1161 1492 sanctus,

180 1506 244 1571 etsi
266 1502 386 1568 fomrat
404 1504 437 1567 in
460 1500 537 1568 alvo
561 1504 710 1588 virginis,
734 1523 859 1587 corpus
882 1504 1050 1568 nascentis
1073 1499 1162 1564 dies·

180 1592 264 1667 siae,
286 1601 396 1654 tamen
419 1609 627 1676 nequaquam
650 1591 837 1654 nominatur
859 1590 978 1668 Pater,
997 1588 1073 1673 quia
1095 1606 1162 1650 non

180 1673 361 1741 transfudit
381 1694 477 1740 suam
499 1677 729 1742 substantiam.
750 1676 826 1747 Sed
848 1676 892 1741 sit
908 1675 1027 1741 modus
1049 1669 1164 1738 talium

183 1763 426 1849 quaestionum.

267 1985 431 2051 Addenda
455 1994 509 2049 est
546 1985 740 2051 necessaria
773 1981 907 2089 regula,
934 1980 1053 2048 Piliam
1084 1980 1162 2061 Dei,

181 2071 355 2157 imaginem
378 2071 504 2136 aeterni
526 2069 648 2150 Patris,
681 2091 885 2136 assumsisse
907 2068 1083 2134 humanam
1105 2089 1163 2133 na·

183 2167 293 2222 turam
314 2159 487 2245 integram,
504 2158 747 2240 incorruptam,
775 2155 952 2223 habentem
975 2175 1092 2220 omnes
1113 2156 1162 2221 vi·

183 2262 240 2309 res
263 2254 297 2307 et
317 2245 538 2328 appetitiones
570 2257 709 2308 naturae
740 2244 896 2328 proprias
923 2254 956 2308 et
979 2242 1163 2320 ordinatas,
1209 2308 1212 2313 ,

182 2329 277 2407 ltem,
298 2348 365 2415 non
388 2329 553 2406 vitiosam,
569 2331 637 2423 ⁴sed
659 2341 769 2395 tamen
792 2327 1000 2413 passibilem,
1023 2339 1056 2392 et
1077 2347 1163 2391 mor·

182 2411 293 2495 talem,
326 2415 400 2480 sine
432 2427 589 2500 peccato,
617 2414 685 2481 Eas
711 2436 753 2481 ue
773 2415 982 2482 infirmitates
1004 2414 1163 2479 assumsit

180 2498 313 2580 volens,
345 2513 484 2587 propter
514 2522 590 2582 nos,
622 2437 786 2569 nehem
817 2502 962 2569 victima.
1030 2500 1088 2565 Sic
1120 2498 1164 2564 ad

181 2585 336 2657 Ebraeos
357 2588 389 2653 4.
412 2589 548 2654 diciturr
578 2590 654 2655 Non
682 2590 845 2655 habemus
868 2607 1029 2653 summum
1052 2604 1165 2678 sacer·

182 2673 308 2753 dotem,
341 2674 397 2760 qui
425 2695 493 2742 uon
525 2677 633 2759 possit
666 2676 809 2761 compati
838 2673 1082 2740 infirmitatibus
1105 2691 1164 2735 no-

182 2761 272 2844 stris,
305 2762 366 2826 s'ed
388 2771 547 2827 tentatum
569 2784 631 2849 per
651 2762 762 2829 omnia
780 2763 963 2829 secundum
983 2755 1166 2824 similitudi·

181 2866 270 2927 nem,
291 2847 365 2912 sine
386 2858 539 2932 peccato.

266 3000 341 3067 Etsi
373 3004 474 3082 igitur
506 2998 661 3068 Christus
694 3002 830 3068 videbat
860 3011 1009 3152 patrem,
1036 3010 1069 3063 et
1093 3007 1166 3064 erat

181 3087 312 3168 beatus,
336 3089 424 3156 sicut
444 3076 549 3174 influit
570 3087 640 3154 lob.
663 3087 695 3154 3.
740 3086 844 3154 Filius
892 3087 1011 3151 ominis
1034 3086 1091 3173 qui
1113 3097 1165 3150 est

181 3173 216 3237 in
239 3170 348 3240 coelo.
393 3174 474 3241 item
495 3174 565 3243 lob.
590 3176 641 3241 lt.
672 3172 758 3262 'Ego
778 3177 810 3239 in
821 3174 922 3240 Patre
945 3194 1029 3252 sum,
1052 3184 1085 3238 et
1103 3170 1165 3237 Pa·

182 3268 233 3325 ter
254 3262 287 3325 in
310 3282 364 3329 me
385 3274 445 3329 est.
511 3259 603 3340 item,
625 3261 725 3327 Pater
746 3261 802 3348 qui
824 3261 857 3325 in
876 3281 928 3324 me
949 3270 1072 3339 manet,
1093 3261 1166 3344 ipsa

182 3340 265 3411 facit
286 3368 399 3432 opera,
422 3359 531 3413 tamen
554 3361 672 3414 natura
694 3347 838 3413 huutana
867 3344 981 3413 habuit
1007 3366 1089 3411 suas
1106 3367 1164 3449 ap·

226 3433 369 3501 titiones.
413 3434 456 3499 Et
473 3433 538 3499 hae
560 3444 664 3519 saepe
692 3436 883 3499 recitantur.
937 3431 1063 3511 Esurit,
1084 3433 1163 3510 sint,

218 3530 337 3600 etatur,
369 3518 472 3599 dolet,
504 3518 665 3601 lacrimat,
696 3519 906 3586 conflictatur
927 3520 1053 3606 ingenti
1076 3538 1164 3583 moe-

183 3606 284 3686 stitia,
308 3609 394 3673 sicut
418 3608 490 3692 ipse
512 3609 634 3694 inquit:
667 3605 784 3673 Tristis
807 3617 859 3670 est
881 3607 1095 3695 anima·mea
1109 3625 1164 3671 us·

183 3711 250 3778 que
270 3692 314 3758 ad
338 3705 488 3760 mortem.

270 3848 311 3914 lli
344 3847 484 3915 affectus
515 3845 550 3912 in
573 3847 707 3915 Christo
740 3867 808 3913 non
841 3845 975 3913 fuerunt
996 3844 1165 3925 simulati,

185 3931 245 3999 sed
267 3936 336 3999 veri
359 3949 392 4001 et
414 3935 567 4021 ingentes
585 3947 708 4001 motus.
763 3935 836 4002 Nec
864 3936 1047 4022 cogitemus
1070 3932 1164 3999 Chri·

182 4031 272 4086 stum
289 4019 395 4086 fuisse
415 4017 559 4105 lapidem
582 4034 638 4087 ant
646 4022 812 4102 Stoicum,
835 4023 897 4088 sed
920 4042 1000 4088 vere
1021 4018 1163 4087 laetatus

184 4120 248 4185 est,
271 4129 352 4174 vere
375 4108 584 4173 excruciatur
605 4111 781 4174 moestitia.
848 4108 891 4173 Et
922 4128 1064 4194 magnac
1086 4117 1164 4172 sunt

183 4189 272 4281 illius
296 4194 579 4262 consternationis
601 4215 734 4261 caussae.
800 4195 878 4262 Nou
905 4207 1031 4261 tantum
1053 4191 1164 4260 formi-

791 206 860 274 tv.
901 204 1161 274 ENARRATIO
1184 201 1384 272 sturton
1404 201 1592 272 Ntcsrtt.

2296 175 2301 186 .

2128 206 2212 295 ³⁴⁶.

1214 394 1273 460 dat
1302 390 1539 461 lacerationem
1574 416 1615 460 co
1658 395 1726 460 oris
1758 397 1830 475 sui,
1865 395 1926 462 scd
1954 400 2055 464 sentit
2086 398 2193 464 maius

1214 500 1312 559 onuS,
1344 477 1472 546 scilieet
1503 482 1586 546 iram
1653 483 1684 545 ci
1712 482 1875 549 adversas
1897 494 2036 568 peccata
2058 486 2193 570 generis

1213 564 1359 646 humani,
1392 588 1490 652 quam
1523 569 1586 633 scit
1607 569 1641 634 in
1663 588 1741 634 sese
1763 567 1897 649 effundi,
1931 570 2067 656 perinde
2100 591 2142 636 ac
2163 571 2195 637 si

1211 653 1284 737 ipse
1318 673 1396 718 sese
1428 652 1511 717 meis
1530 665 1563 718 et
1584 654 1663 733 tuis,
1698 665 1731 720 et
1752 651 1890 721 aliorum
1913 654 2099 722 sceleribus
2121 654 2194 743 pol·

1212 738 1342 818 luisset.
1364 738 1443 804 ldeo
1466 740 1553 803 enim
1575 741 1696 806 dicitur
1716 761 1778 824 pro
1799 742 1898 806 nobis
1920 754 2094 826 peceatum
2117 762 2195 809 esse

1195 826 1331 890 factus.
1352 872 1360 889 .
1385 822 1513 911 ,Doluit
1544 824 1623 891 itcm
1655 847 1809 912 magnam
1830 840 1959 912 partem
1981 830 2115 914 generis
2135 826 2195 895 bu·

1212 913 1300 977 mani
1317 912 1498 997 perituram
1519 931 1597 976 esse
1618 924 1733 997 spreto
1755 910 1821 978 hoc
1844 914 2008 981 beneficio
2030 913 2107 980 Dei.

1298 1064 1372 1130 Etsi
1394 1076 1503 1131 autem
1524 1066 1718 1151 magnitudo
1738 1065 1858 1134 horum
1876 1065 2027 1135 dolorum
2045 1090 2113 1138 non
2134 1089 2195 1156 po-

1211 1152 1280 1217 'test
1299 1173 1321 1218 a
1343 1153 1442 1217 nobis
1460 1148 1619 1239 intelligi,
1651 1164 1761 1219 tamen
1788 1152 1979 1222 Ecclesiam
2006 1153 2131 1243 aliquid
2152 1157 2196 1222 de

1212 1237 1264 1302 his
1296 1241 1398 1304 tantis
1430 1240 1534 1303 rebus
1566 1240 1716 1324 cogitare
1743 1235 1884 1307 necessa
1905 1253 1976 1321 est,
1991 1319 1996 1329 Ι
2010 1262 2097 1328 quae
2119 1242 2196 1309 ideo
2289 1317 2297 1325 ⁸

1213 1336 1351 1390 onerata
1383 1335 1436 1389 est
1465 1343 1585 1408 cruce,
1616 1337 1654 1391 ut
1674 1338 1839 1412 agnoscat
1865 1348 2023 1418 magnum
2039 1328 2196 1414 quiddam

1213 1431 1291 1476 esse
1312 1411 1396 1476 iram
1417 1408 1483 1475 Dei
1504 1411 1670 1478 adversus
1690 1423 1842 1498 peccata.

1300 1666 1400 1741 Quod
1422 1687 1503 1733 vero
1526 1670 1708 1753 disputant,
1729 1670 1785 1735 An
1806 1667 1888 1756 fuga
1908 1672 2026 1736 martis
2048 1672 2082 1736 in
2101 1668 2196 1737 (ilui-

1213 1764 1267 1819 sto
1290 1751 1387 1819 fuerit
1409 1755 1545 1833 vitiosa,
1579 1775 1653 1820 cum
1679 1776 1759 1839 pars
1780 1755 1917 1822 inferior
1936 1777 2006 1821 nou
2028 1757 2195 1843 obtempe·

1214 1840 1339 1906 raverit
1353 1842 1529 1926 superiori,
1550 1842 1656 1926 primo
1674 1843 1877 1926 respondeo,
1899 1841 2139 1908 Lacerationes
2161 1844 2196 1910 ln

1215 1947 1316 1992 carne
1336 1924 1533 1992 naturaliter
1554 1924 1688 1993 efficere
1710 1924 1866 2008 dolores,
1899 1930 1999 1993 etiam
2020 1929 2094 1993 sine
2114 1949 2195 2014 pec·

1214 2025 1304 2092 cato,
1323 2017 1401 2080 item
1422 2000 1551 2098 aliq'uas
1572 2015 1754 2088 moestitias
1775 2012 1810 2079 iu
1831 2014 1933 2079 corde
1961 2024 2009 2079 et·
2023 2012 2197 2082 voluntate

1213 2097 1384 2164 naturales
1405 2119 1495 2178 esse,
1518 2100 1661 2186 quaein
1683 2098 1819 2164 Christo
1842 2101 1915 2168 sine
1945 2100 2026 2167 vitio
2051 2098 2195 2167 fuerunt.

1212 2182 1339 2266 Doluit,
1362 2186 1423 2251 sed
1441 2204 1509 2249 uon
1531 2197 1569 2253 ut
1589 2205 1663 2258 nos,
1686 2186 1883 2252 inordinate.

1299 2337 1432 2403 Deinde
1452 2357 1555 2424 supra
1576 2337 1668 2404 illum
1689 2338 1874 2425 naturalem
1901 2337 2051 2407 dolorem
2079 2336 2142 2408 fuit
2162 2342 2198 2409 iu
2229 2360 2236 2373 ·

1214 2423 1349 2490 Christo
1371 2445 1493 2489 sensus
1516 2418 1680 2506 irae‘Dei,
1703 2427 1868 2494 advorsus
1890 2439 2067 2511 peccatum
2096 2449 2198 2515 gene·

1214 2512 1261 2575 ris
1283 2509 1428 2590 humani,
1448 2522 1487 2577 ut
1507 2509 1611 2577 Filius
1633 2515 1727 2579 novit
1739 2512 1872 2579 Patrem
1893 2514 2035 2602 integre,
2059 2517 2105 2581 ita
2126 2515 2198 2599 irae

1215 2598 1474 2684 magnitudinem
1494 2594 1589 2663 solus
1611 2608 1692 2663 tuuc
1712 2600 1794 2665 vidit
1815 2611 1849 2665 et
1870 2602 1986 2665 sensit.
2031 2599 2106 2666 Hac
2126 2608 2197 2689 pio·
2299 2633 2307 2643 ’

1214 2682 1248 2750 le
1269 2705 1374 2770 supra
1395 2686 1485 2749 vires
1506 2695 1588 2749 tunc
1610 2698 1749 2751 onerata
1777 2698 1896 2751 natura
1924 2687 1959 2753 in
1981 2680 2198 2775 Christoge-

1215 2772 1284 2835 mit.
1328 2770 1370 2834 Et
1391 2782 1501 2834 tamea
1522 2767 1608 2836 haec
1631 2773 1857 2837 consternatio
1880 2770 2051 2838 dissimilis
2074 2783 2126 2839 est
2136 2786 2196 2840 rto·

1215 2858 1296 2922 stris
1319 2857 1511 2940 pavoribus.
1567 2854 1722 2922 Christus
1751 2853 1816 2923 fert
1836 2855 1915 2923 illos
1936 2879 2079 2946 magnos
2101 2857 2196 2926 dolo·

1215 2963 1271 3008 res
1303 2944 1376 3008 sine
1403 2941 1631 3028 indignatione
1663 2945 1827 3011 adversus
1859 2942 2012 3026 Patrem,
2045 2958 2078 3013 et
2109 2944 2199 3012 hauc

1217 3029 1437 3096 obedientiam
1458 3026 1578 3095 volens
1600 3042 1761 3116 praestat.

1301 3200 1383 3269 Ideo
1415 3201 1501 3267 haec
1533 3204 1759 3269 consternatio
1792 3215 1846 3271 est
1868 3205 1952 3270 sine
1976 3216 2130 3310 peccato,
2163 3216 2198 3272 et

1216 3309 1282 3354 non
1311 3297 1365 3353 est
1396 3288 1529 3354 vitiosa.
1595 3289 1642 3354 Αι
1673 3291 1706 3354 in
1733 3291 1875 3356 caeteris
1898 3291 2099 3369 bominibus,
2122 3310 2198 3357 cum

1216 3371 1297 3461 fuga
1331 3375 1442 3441 existit
1463 3371 1615 3441 fremitus
1637 3376 1804 3467 adversus
1821 3375 2027 3445 voluntatem
2056 3376 2139 3455 Dei,
2163 3385 2199 3442 et

1215 3462 1249 3526 in
1282 3460 1336 3526 his
1368 3462 1424 3546 qui
1453 3482 1521 3526 non
1552 3458 1740 3529 eluctantur
1762 3460 1995 3551 confugientes
2018 3464 2061 3529 ad
2078 3459 2198 3529 filium

1216 3546 1292 3629 Dei,
1313 3548 1479 3616 accedunt
1499 3547 1689 3614 horrendae
1712 3545 1946 3633 blasphemiae.
2020 3588 2024 3599 ·

1302 3719 1376 3784 Nec
1398 3720 1518 3786 addam
1538 3718 1725 3808 longiorem
1747 3676 2020 3806 disputationem,
2049 3719 2111 3784 sed
2132 3715 2196 3785 has

1215 3826 1272 3872 res
1300 3805 1461 3872 maximas
1494 3808 1538 3892 pii
1566 3808 1600 3872 in
1622 3808 1693 3873 suis
1716 3806 1914 3887 doloribus,
1942 3817 1975 3872 et
1997 3807 2030 3872 in
2051 3803 2197 3875 lectione
2294 3858 2297 3863 ·

1215 3889 1424 3959 Psalmorum
1447 3907 1480 3958 et
1502 3892 1777 3978 Propheticarnm
1794 3892 2018 3960 narrationum
2043 3892 2197 3959 'conside-

1215 3991 1301 4060 rent,
1338 3980 1394 4045 ubi
1425 3981 1468 4046 ad
1495 4000 1558 4045 nos
1581 3981 1754 4045 docendos
1775 3991 1810 4047 et
1831 3977 2060 4047 consolandos
2083 3989 2199 4047 extent

1216 4065 1330 4134 talium
1353 4062 1506 4134 dolorum
1527 4067 1782 4153 descriptiones.

1561 4189 1657 4262 Titne
1677 4189 1748 4277 θεῷ
1769 4185 1854 4267 δόξα.
