4628 5588
81 136 85 143 ¹
151 192 197 264 cr

152 395 273 449 nentur
296 385 380 449 ordo
398 350 564 469 politicus,
587 366 620 449 et
642 395 720 466 supt
740 406 795 450 res
814 387 977 469 sapientia
994 398 1028 452 et
1042 387 1131 454 iusti·

64 539 70 557 ‚
151 471 204 536 tia'
219 468 283 534 Dei
306 472 338 535 in
361 491 485 555 genere
506 471 652 535 humano
675 473 858 537 ordinatae.

236 622 280 688 Et
302 645 388 709 quan
416 644 488 688 uam
501 623 635 690 Diaboli
659 637 691 689 ct
709 626 797 710 impii
816 626 980 705 homines,
994 646 1132 713 organa

72 722 75 727 '
150 646 600 789 Diabolorum,lrorribiliter
618 714 752 775 turbant
769 713 857 777 lrunc
874 709 1130 796 pulcherrimum

150 797 316 862 ordinem:
346 795 471 861 Tamen
493 796 651 881 quantum
680 799 806 862 ordinis
829 810 952 877 munet,
975 810 1131 865 servatur

149 894 301 966 potenter
323 880 441 946 aDeo.
474 881 517 946 Et
539 884 622 947 hacc
639 877 713 966 ipsa
731 885 942 948 conservatio
967 895 1018 947 cst
1039 885 1130 947 testi·

149 968 293 1032 monium
326 969 368 1030 de
391 968 466 1032 Deo
495 981 527 1031 et
555 970 779 1051 providentia,
815 983 847 1032 et
875 970 916 1033 de
942 970 1130 1054 praesentia

148 1051 212 1118 Dei
241 1055 274 1117 in
304 1074 428 1138 genere
456 1054 608 1120 humano.
654 1054 739 1126 Quia
768 1053 940 1119 manifeste
969 1057 1147 1135 videmus,¹

148 1140 271 1204 retralri
293 1140 475 1203 homicidas
499 1142 541 1203 ad
564 1138 743 1225 supplicia,
766 1142 870 1204 iuvari
889 1140 1030 1227 Cyrum,
1052 1139 1129 1206 Ale-

147 1226 322 1303 xandrum,
340 1224 539 1309 Augusttun,
558 1239 590 1289 et
604 1224 739 1290 similes.
773 1230 867 1291 item:
889 1224 1130 1291 Universaliter

147 1312 313 1395 praesidia
336 1311 480 1375 bumana
502 1312 682 1376 infirmiora
705 1332 800 1390 esse,
822 1334 920 1397 quam
942 1325 978 1378 ut
999 1314 1129 1398 possint

149 1397 317 1460 custodire
334 1393 485 1479 politiaS,
519 1399 581 1460 uisi
604 1397 697 1479 Deus
721 1400 920 1471 custodiret,
950 1419 1034 1484 quas
1059 1395 1128 1462 vult

146 1479 331 1547 incolumes
354 1501 442 1559 esse.
485 1486 561 1548 ldeo
592 1482 746 1557 Psalmus
776 1487 892 1569 inquit:
922 1484 993 1549 Nisi
1016 1482 1129 1548 Domi·

146 1587 212 1631 nus
234 1568 426 1632 custodierit
445 1569 619 1641 civitatem,
642 1568 767 1635 frustra
795 1569 912 1656 vigilat
932 1573 988 1655 qui
1017 1580 1129 1634 custo·

147 1655 195 1719 dit
213 1674 297 1718 eam.

233 1807 350 1894 Longe
372 1808 471 1894 igitur
489 1808 696 1873 discernatur
714 1810 795 1873 ordo
813 1805 970 1893 politicus
986 1829 1006 1872 a
1027 1809 1128 1886 vitiis,

103 1934 107 1944 ι
147 1890 233 1978 quae
256 1891 401 1973 Diaboli,
419 1907 452 1958 et
474 1915 600 1979 organa
611 1893 831 1959 Diabolorum
849 1897 986 1972 addunt,
1008 1905 1044 1959 ut
1062 1895 1128 1958 dis·

148 1979 238 2042 cerni
262 1992 390 2063 oportet
408 1982 591 2045 custodiam
616 1983 729 2067 gregis
754 2002 775 2044 a
795 1979 831 2046 lu
856 1982 897 2059 is,
921 1979 1128 2059 latrunculis,

147 2075 181 2129 et
201 2067 322 2141 servis,
345 2068 400 2150 qui
427 2069 488 2150 ipsi
514 2066 662 2130 iurantur
691 2086 784 2130 ores.
833 2004 930 2131 licus
959 2078 997 2131 ut
1018 2065 1127 2130 fidelis

146 2150 268 2216 Pastor
290 2163 402 2215 servat
424 2149 568 2236 politias,
592 2164 625 2215 et
648 2153 703 2215 dat
725 2149 767 2216 ali
794 2173 855 2218 uos
875 2152 992 2217 fideles
1014 2164 1127 2217 custo·

147 2236 219 2301 des.
264 2237 330 2301 Sed
354 2235 505 2316 Diaboli,
528 2235 688 2315 latrones,
715 2251 748 2303 et
768 2177 796 2302 §p
821 2240 916 2303 ranni
937 2249 1014 2302 stmt
1038 2235 1128 2303 velut

146 2317 556 2405 lupi‘RapaeesDomini
574 2335 652 2387 sunt
674 2323 766 2389 velut
789 2261 891 2389 ilrres.
924 2323 970 2387 lli
993 2327 1127 2389 turbant

146 2404 296 2491 politias,
319 2420 475 2493 tanquam
498 2430 651 2498 gregem:
680 2409 721 2475 Et
745 2422 854 2474 tamen
881 2411 1010 2474 interea
1031 2409 1127 2474 Deus

147 2504 261 2573 seruat
282 2513 434 2577 magnam
448 2507 586 2579 partem,
609 2506 643 2559 et
660 2494 797 2580 depellit
811 2492 921 2580 lupos,
938 2495 1127 2581 Tyrannus,

146 2573 308 2656 latrones,
321 2578 470 2644 homines
482 2582 663 2645 seditiosos
675 2593 707 2644 et
723 2601 874 2666 rapaces.
907 2582 1000 2645 llaec
1015 2584 1127 2668 imago

98 2740 105 2753 ο
146 2675 313 2750 utcunque
335 2677 498 2732 monstrat
519 2667 696 2732 discrimen
713 2668 839 2731 ordinis
856 2665 980 2752 politici
999 2677 1031 2733 et
1049 2688 1128 2731 cun·

140 2745 328 2853 ⁸fusienum,
349 2772 437 2837 quae
458 2751 593 2818 aliunde
614 2753 849 2819 admiscentur.

192 3045 315 3149 Quod
345 3060 408 3130 est
438 3049 652 3131 discrimen
682 3049 787 3131 Boni
817 3051 1011 3162 Principis
1041 3061 1085 3132 et

534 3169 738 3278 Tyranni?
763 3234 768 3246 .

233 3382 350 3447 Bonus
373 3381 534 3468 Princeps
558 3395 622 3464 est,
644 3385 699 3470 qui
721 3383 822 3450 babet
838 3394 1014 3472 προαίρεσιν
1035 3396 1127 3450 recte

128 3465 301 3546 -faciertdi,
324 3482 357 3533 et
378 3467 561 3555 plerunque
582 3484 613 3535 et
638 3471 670 3535 in
719 3472 881 3556 raecipuis
903 3474 1054 3555 partibus
1077 3471 1126 3536 ol‘·

146 3553 212 3619 fieii
235 3557 286 3619 sui
310 3573 400 3621 recte
419 3553 510 3635 facit,
532 3558 659 3621 etiamsi
679 3493 858 3643 aliquando
877 3555 1008 3623 labitur.

233 3707 304 3773 llac
322 3708 426 3775 forma
449 3675 626 3775 definiendi
653 3712 686 3775 in
709 3710 773 3775 bac
795 3713 864 3776 rita
891 3711 1047 3776 utendum
1074 3721 1127 3775 est

146 3795 192 3901 de
215 3796 369 3860 omnibus
396 3798 685 3862 Gubernatoribus
717 3808 750 3861 et
777 3798 953 3877 ministris,
985 3798 1019 3861 in
1047 3816 1125 3882 quo·

728 295 731 299 ‚
761 138 896 262 'rnre
916 195 1022 263 uer.
1044 148 1230 264 scitura
1248 186 1532 264 nonnanes.

1184 400 1316 471 cunque
1339 406 1472 536 gener&
1485 384 1598 451 officii.
1642 384 1685 451 Et
1706 388 1846 453 sumitur
1872 391 1980 473 prima
2004 409 2085 474 pars
2106 391 2164 455 de·

1183 471 1340 537 finitionis
1370 494 1410 537 eu
1464 485 1531 538 tcto
1552 471 1664 538 Pauli:
1697 473 1771 537 lloe
1803 476 1997 558 requiritur,
2030 473 2163 540 Fideles

1182 570 1220 622 ut
1242 559 1355 624 simus.
1400 558 1556 624 Secunda
1576 580 1657 644 pars
1681 580 1723 623 ex
1741 561 1828 624 dicto
1851 559 2057 625 Salomonis:
2086 561 2163 627 Non

1183 654 1236 707 est
1264 645 1371 709 iustus
1400 646 1561 723 interra,
1594 645 1650 729 qui
1685 647 1772 709 bene
1805 643 1933 710 iaciens
1963 649 2070 710 etiarn*
2095 667 2163 712 non

1205 742 1309 794 eceet.
1354 731 1406 794 Ac
1434 729 1545 814 placet
1567 730 1642 794 Deo
1670 751 1792 815 gerens
1822 734 2069 817 magistratum,
2102 744 2169 798 seu'

1181 751 1279 893 ltux,
1301 836 1363 881 seu
1392 815 1512 895 ludex,
1535 837 1598 880 seu
1621 815 1736 892 ntitas,
1757 815 1887 886 habens
1909 817 2022 882 Fidem
2046 828 2080 882 et
2103 819 2163 882 bo·
2242 834 2245 839 '

1180 921 1258 965 narn
1282 903 1532 981 conscientium,
1555 905 1646 966 iuxta
1670 902 1762 967 Pauli
1786 896 1950 988 regulam:
1975 902 2039 975 Qui
2067 915 2101 968 et
2129 905 2163 970 in
2258 936 2263 945 ·

1181 984 1293 1052 officio
1316 990 1436 1051 bonam
1460 987 1696 1053 conscientiam
1719 990 1856 1066 retinet,
1878 985 2031 1054 videlicet
2054 997 2162 1072 προαί-

1180 1096 1263 1156 ρεσιν
1285 1086 1376 1138 reete
1398 1071 1551 1138 faciendi.
1585 1073 1657 1137 Nee
1679 1076 1745 1139 ruit
1767 1087 1885 1143 contra
1907 1075 2160 1154 conscientiam,

1181 1170 1299 1223 contra
1325 1158 1420 1244 leges
1455 1156 1575 1236 oflicii,
1614 1158 1686 1223 Nec
1720 1158 1879 1246 indulget⁴
1910 1161 1973 1225 sibi
2007 1158 2162 1227 affectate

1180 1245 1378 1330 ignorantia,
1402 1255 1435 1308 et
1455 1245 1611 1310 affectata
1634 1246 1825 1310 omissione.

1266 1396 1390 1463 Contra
1418 1418 1499 1462 vero
1526 1397 1702 1482 Tyrannus
1732 1411 1803 1477 est,
1831 1410 1864 1462 et
1892 1398 1967 1463 Deo
1996 1398 2162 1483 displicet,

1181 1485 1236 1569 qui
1259 1505 1324 1548 non
1348 1483 1449 1548 babet
1470 1493 1650 1570 προαίρεσιν
1670 1496 1760 1549 recte
1782 1485 1942 1563 faciendi,
1965 1496 1998 1550 et
2020 1483 2162 1569 plerum·

1180 1589 1245 1655 que
1267 1566 1431 1634 scelerate
1452 1567 1544 1646 facit,
1567 1572 1695 1633 etiamsi
1718 1572 1881 1635 interdum
1901 1573 1989 1634 iusta
2007 1569 2097 1648 facit,
2120 1590 2162 1634 ac

1180 1653 1317 1740 negligit
1344 1657 1542 1740 praecipuas
1573 1653 1673 1719 officii
1703 1669 1832 1738 partes,
1865 1678 1924 1720 seu
1953 1657 2065 1730 sciens
2100 1676 2161 1719 seu

1179 1741 1335 1805 allectata
1350 1743 1546 1826 ignorantia,
1565 1741 1788 1806 seuaffectata
1808 1743 1998 1820 omissione,
2019 1754 2055 1806 ut
2068 1739 2162 1820 Saul,

1180 1824 1378 1913 Cambyses,
1400 1824 1651 1912 sardanapalus
1673 1839 1737 1892 etc.
1934 1876 1945 1906 ,

1179 2191 1249 2273 An
1277 2191 1364 2273 inre
1395 2191 1528 2301 potuit
1557 2191 1726 2273 Naboth
1755 2220 1951 2295 recusare,
1982 2221 2027 2274 se
2056 2191 2161 2303 Regi

1177 2297 1332 2424 petenti
1363 2311 1624 2393 venditurum
1662 2339 1750 2392 esse
1780 2311 1960 2414 vineam,
1995 2313 2040 2394 id
2078 2326 2158 2394 est:

1178 2433 1249 2514 An
1286 2431 1490 2513 distinctio
1521 2431 1790 2513 dominiorum
1829 2433 1881 2514 sit
1909 2431 2004 2514 iuris
2034 2432 2161 2514 divini

1178 2553 1283 2633 inter
1325 2549 1538 2633 facultates
1581 2549 1742 2660 Regum
1790 2564 1833 2633 et
1871 2550 2161 2636 subditorum?
2230 2591 2232 2594 ·

1264 2765 1479 2851 Respondeo.
1523 2764 1762 2850 Praeceptum,
1791 2765 1867 2830 Non
1891 2763 2013 2832 furtum
2043 2767 2162 2847 facies,

1180 2850 1309 2938 obligat
1341 2872 1455 2918 omnes
1493 2849 1663 2930 homines,
1704 2863 1736 2916 et
1777 2852 1947 2938 distinguit
1985 2865 2018 2919 et
2058 2856 2164 2918 munit

1181 2940 1322 3003 omniurn
1345 2937 1513 3004 bominum
1536 2937 1699 3015 dominia,
1732 2936 1860 3003 nevum
1884 2950 1917 3002 et
1934 2937 2162 3003 'subditorum

1179 3023 1344 3087 lohannes
1377 3024 1455 3088 dicit
1487 3021 1635 3109 Regibus
1675 3035 1707 3087 et
1742 3023 1967 3107 Principibusr
1990 3023 2163 3090 ·Contenti

1179 3119 1288 3175 estote
1311 3108 1490 3192 Stipendiis
1514 3110 1655 3173 vestrisa
1684 3109 1855 3173 Neminem
1874 3111 2083 3188 concutiatis,
2105 3131 2162 3175 ne·

1179 3216 1244 3281 que
1267 3193 1522 3260 calumniamini.
1568 3194 1663 3259 ltem:
1693 3194 1768 3259 Non
1795 3193 1871 3278 plus
1894 3197 2033 3282 exigite,
2062 3216 2162 3281 quam

1180 3282 1391 3345 coustitutum
1427 3292 1488 3345 est.
1542 3279 1681 3364 Propria
1717 3292 1794 3345 sunt
1832 3282 1930 3367 igitur
1965 3280 2095 3368 Regum
2128 3291 2162 3345 et

1180 3366 1367 3450 Principum
1389 3365 1580 3453 Stipendia,
1608 3368 1640 3430 id
1672 3378 1739 3443 est,
1772 3367 1894 3430 tributa
1920 3379 1953 3432 et
1982 3363 2162 3450 vectigalia

1178 3451 1336 3538 legitima.
1380 3451 1422 3515 Et
1451 3455 1494 3518 ab
1521 3450 1574 3515 his
1604 3453 1847 3535 distinguantur
1875 3450 2053 3517 facultates
2075 3452 2161 3516 Sub-

1179 3540 1334 3615 ditorum,
1353 3559 1416 3602 nec
1440 3540 1677 3602 conturbentur
1700 3537 1854 3613 dominia,
1877 3558 1939 3602 nec
1960 3551 2094 3620 praeter
2116 3535 2163 3600 le·

1179 3624 1293 3709 gitinta
1314 3625 1489 3706 stipendia,
1513 3634 1548 3686 et
1569 3625 1641 3687 siue
1663 3623 1749 3687 iusta
1773 3642 1875 3687 eausa
1897 3638 2029 3688 sumant
2051 3622 2163 3709 Reges

1179 3730 1220 3774 ex
1255 3706 1468 3773 facultatibus
1501 3708 1726 3785 subditorum,
1758 3721 1918 3794 quantum
1950 3710 2033 3793 ipsis
2065 3707 2161 3789 libet,

1179 3795 1308 3859 Briarei
1327 3795 1489 3874 manibus,
1513 3804 1550 3859 ut
1571 3793 1801 3858 Nazianzenus
1823 3790 1980 3880 loquitur.

351 3977 440 4077 littae
461 4016 560 4078 locum
585 4017 635 4079 De
660 3994 847 4098 magistratu
865 4019 1001 4099 politico
1024 4020 1053 4078 in
1078 4016 1135 4077 bac
1157 4016 1291 4077 editione
1313 4013 1470 4076 Examinis
1488 4014 1743 4087 Ordinandorum‚
1766 4037 1856 4094 quam
1880 4018 1932 4078 hic
1961 4017 2162 4078 recudendam

146 4120 302 4173 curamus,
325 4105 464 4182 sequitur
484 4103 573 4163 loeus
592 4102 643 4164 De
660 4123 678 4163 e
697 4108 823 4184 niripio,
852 4107 902 4185 qui
931 4105 1038 4165 iisdem
1063 4104 1166 4164 verbis
1185 4104 1243 4163 ium
1272 4102 1301 4161 iu
1331 4100 1480 4162 Locorum
1504 4101 1742 4181 theologicorum
1765 4100 1923 4164 latinorum
1946 4107 2034 4166 tertia
2061 4110 2163 4164 aetate
2209 4112 2223 4135 ⁸

144 4184 254 4267 legitur
271 4188 354 4266 (ride
367 4186 437 4249 Vol.
457 4185 543 4251 XXl.
562 4189 724 4270 Appendix
742 4193 764 4250 l.
782 4211 813 4270 p.
836 4197 910 4253 1051
922 4192 1055 4251 -1076.
1079 4189 1158 4252 conl.
1179 4209 1208 4269 p.
1232 4191 1322 4251 1051.
1342 4192 1477 4266 notak),
1496 4195 1679 4268 quapropter
1696 4187 1727 4247 lr.
1745 4185 1765 4249 l.
1790 4210 1859 4249 eum
1883 4191 2059 4262 omittimus,
2078 4188 2162 4252 illico

143 4360 290 4438 sequitur.

24 4322 27 4326 .
143 4275 402 4351 transgredientes
429 4275 469 4336 ad
490 4273 735 4355 Raspmutonem
756 4276 798 4337 de
819 4277 1040 4347 controversiis
1056 4275 1222 4346 Statiani,
1252 4293 1331 4353 quae
1350 4271 1435 4334 illum
1458 4273 1498 4335 de
1520 4275 1661 4354 coniugio
1682 4273 1783 4335 locum
1810 4277 1840 4336 in
1859 4273 1918 4336 bac
1936 4277 2068 4339 editione
2090 4274 2163 4337 sub·

187 4686 495 4807 Responsio
525 4689 769 4775 rnrnrrrr
798 4635 1211 4775 maturamus
1240 4687 1316 4770 nn
1347 4684 1792 4774 conmovnnsns
1824 4685 2122 4773 sranounr.

44 4978 48 4985 ·
233 4937 331 5010 Quod
353 4936 457 5003 Filius
468 4937 531 5005 Dei
543 4918 707 5007 Domiims
729 4951 847 5007 noster
857 4940 960 5039 lesus
971 4936 1126 5002 Christus

24 5090 35 5107 ,
107 5026 116 5045 ’
145 5023 324 5091 crucifixus
344 5045 406 5111 pro
428 5027 527 5091 nobis
543 5039 577 5092 et
599 5027 818 5092 resuscitatus
834 5025 942 5090 oravit
956 5035 1127 5089 aeternnm

47 5133 89 5201 ⁸.
145 5106 280 5179 Patrem
300 5111 335 5177 ln
355 5130 467 5200 agone
486 5130 567 5192 suo,
588 5125 627 5179 ut
647 5108 761 5192 facist,
782 5124 819 5178 ut
838 5132 940 5179 unum
969 5111 1074 5175 simus
1093 5111 1127 5175 io

1179 4939 1275 5024 ipso,
1308 4937 1395 5002 idem
1430 4938 1515 5002 band
1549 4939 1648 5003 dubie
1681 4957 1815 5020 semper
1847 4947 1931 5001 orat.
1975 4936 2028 5001 Aa
2061 4935 2162 5003 huius

1180 5025 1297 5088 summi
1325 5023 1521 5091 Sacerdotis
1555 5023 1779 5108 precationem
1807 5035 1924 5087 nostra
1955 5036 2034 5088 rota
2062 5024 2162 5088 etiam

1179 5110 1417 5197 adiungamus,
1445 5123 1479 5176 et
1500 5124 1652 5195 petamus
1674 5110 1774 5189 idem,
1796 5120 1833 5176 ut
1854 5121 1983 5175 ruentes
2005 5121 2040 5175 et
2056 5109 2162 5175 eorda
