4628 5588
33 142 52 292 f
144 194 213 265 em
267 201 271 211 ·
414 277 417 282 Δ
787 194 832 263 v.
853 158 1119 261 mumma
1140 192 1343 264 srrtnom
1362 193 1523 294 meent,
2089 199 2157 267 erc

53 380 58 397 ’
114 403 124 414 ·
143 386 287 467 busdam
307 387 467 452 oneribus
488 385 711 472 gravioribus,
733 381 936 472 quaerela
951 393 1128 471 parentum¹
1176 402 1321 450 necesse
1337 394 1390 449 est
1409 384 1574 469 praestari
1595 384 1831 467 obedientiam,
1851 383 1911 451 illa
1932 387 2008 473 ipsa
2027 391 2164 474 praeci·-

143 473 334 542 infirmitate
356 475 516 552 oriuntur,
537 470 595 538 vel
616 472 815 537 comitantur
831 489 1007 537 aerumnas
1024 469 1127 556 impe·
1175 470 1297 557 pienti,
1353 489 1417 536 uae
1445 480 1523 536 sunt
1553 471 1683 537 sancita
1706 470 1875 559 Legibus,
1908 485 1968 541 aut
1994 477 2157 560 quaedum

142 562 286 639 riorum,
305 569 344 626 nt
366 559 395 623 l.
415 558 509 623 -Petri
529 558 561 623 i.
584 559 718 623 dicitur:
751 557 882 624 Subditi
911 567 1020 623 estote
1037 556 1126 622 omni
1176 558 1247 645 agit
1267 492 1501 663 negligentius,
1522 559 1636 631 autin
1656 568 1752 644 parte
1773 554 1883 646 aliqua
1903 562 2058 645 asperius
2075 562 2160 649 agit,

142 648 309 716 humanae
338 655 513 712 creaturae
540 655 678 731 propter
698 642 827 724 Deum,
860 644 991 710 Subditi
1019 653 1127 709 estote
1175 652 1288 709 tamen
1319 644 1491 709 retmenda
1523 655 1577 710 est
1610 663 1758 730 persona
1785 657 1819 712 et
1846 648 2050 733 praestanda
2076 651 2160 716 obe·
2204 697 2220 709 ,

142 732 317 812 Dominis,
350 752 419 809 non
445 728 555 798 solum
581 732 678 797 bonis
712 741 746 797 et
770 731 904 818 aequis,
937 729 999 796 sed
1027 731 1125 796 etiam
1177 732 1458 817 dientia'propter
1478 730 1624 798 divinum
1645 732 1847 798 mandatnm.

142 841 184 887 as
227 821 287 885 ris.
1917 844 1922 855 ·

183 839 228 906 1³²
1186 980 1190 987 ¹
1262 901 1389 969 Contra
1412 924 1493 970 vero
1513 900 1626 969 Malus
1648 901 1868 989 Magistratus
1896 924 1959 972 seu
1979 905 2156 993 hunnus

228 992 380 1058 Necesse
401 1000 511 1057 antem
532 1000 584 1055 est
605 1009 661 1054 res
684 1000 717 1055 et
736 1008 901 1076 personas
923 989 1127 1070 discernere,
1176 1000 1245 1070 est,
1276 991 1333 1077 qui
1355 991 1458 1057 habet
1478 999 1574 1078 npcct
1605 1012 1665 1055 σιν·
1686 988 1850 1057 scelerate
1878 986 2034 1073 laciendi,
2067 995 2155 1061 etin

141 1090 181 1147 ut
200 1078 393 1163 coniugium
423 1088 475 1142 est
503 1094 559 1140 res
589 1076 741 1142 ordinata
762 1076 937 1157 divinitus,
957 1078 1060 1157 bonu,
1092 1086 1127 1142 et
1174 1078 1363 1163 praecipuis
1391 1078 1539 1142 rebnss
1615 1086 1686 1142 rate
1705 1074 1804 1156 facit,
1837 1077 1966 1143 etiamsi
1994 1080 2156 1147 interdum

143 1166 176 1232 dl
201 1186 246 1231 na
273 1164 470 1243 reverentia,
503 1163 632 1228 etiamsi
658 1158 752 1228 multi
780 1183 820 1228 eo
843 1164 1033 1229 abutuntur.
1077 1161 1127 1227 lta
1174 1161 1300 1249 aliquid
1332 1166 1418 1229 iuste
1445 1161 1540 1242 l'acit,
1572 1173 1610 1229 nt
1641 1161 1774 1229 NERO.
1829 1159 1931 1229 Tales
1963 1168 2157 1234 removendi
2241 1200 2245 1211 ·

116 1302 119 1309 .
166 1253 301 1318 oticus
323 1251 408 1315 ordo
430 1260 562 1314 estres
584 1248 914 1328 ordinatudivinitus,
938 1249 1126 1336 etquidem
1175 1260 1254 1316 sunt
1274 1270 1296 1315 a
1317 1249 1556 1337 gubernatione
1577 1270 1640 1336 per
1659 1247 1877 1354 Magistratus
1899 1251 2099 1332 ordinarios,
2119 1264 2156 1319 ut
2274 1272 2279 1279 ·

179 1349 272 1405 nstra
293 1337 519 1403 testimoninm
532 1346 584 1401 est
598 1336 794 1419 sapientiae,
816 1335 960 1403 iustitiae
982 1347 1017 1402 et
1031 1352 1125 1422 prue-
1174 1335 1343 1402 Neronem
1355 1341 1497 1404 Senatus
1509 1333 1954 1420 etpraestantrssimilluces
1969 1338 2157 1404 iudicarunt

141 1425 271 1492 sentiae
303 1420 369 1490 Dei
396 1425 486 1489 inter
509 1420 673 1487 homines.
723 1421 759 1486 st
784 1421 901 1488 nificat
928 1423 1015 1488 enim
1042 1421 1125 1487 ordo
1174 1419 1317 1488 hostem.
1383 1421 1624 1492 Constantinus
1652 1420 1825 1487 Ecclesiae
1858 1419 2005 1490 defendit
2037 1434 2156 1490 contm

141 1511 205 1577 has
227 1531 285 1577 res
307 1511 429 1589 bonas,
450 1507 545 1597 leges
567 1505 742 1587 honestas,
762 1444 896 1588 ludicia,
916 1508 1022 1575 iustas
1043 1525 1124 1594 poe·
1174 1505 1252 1573 coll
1294 1527 1335 1573 as
1358 1520 1391 1573 et
1412 1504 1558 1574 affinem.
1586 1508 1643 1574 lns
1664 1510 1763 1574 etiam
1774 1508 1899 1574 habent
1909 1507 2033 1610 singuli
2042 1511 2157 1576 imme·

140 1617 217 1678 uaS,
241 1596 484 1663 distinctionem
507 1594 740 1675 dominiorum,
766 1605 1014 1674 contractuum,
1045 1612 1126 1660 con·
1175 1528 1383 1673 Mattlleesi,
1412 1596 1442 1660 si
1464 1595 1531 1660 sint
1559 1594 1671 1660 allecti
1691 1597 1798 1662 atroci
1820 1606 1853 1660 et
1874 1607 2004 1661 notoria
2024 1597 2155 1676 iniuria,

141 1682 368 1751 servationem
400 1682 585 1747 communis
617 1682 800 1746 societatis.
857 1679 966 1747 Huius
998 1680 1124 1745 ordinis
1173 1680 1392 1747 interficiendi
1413 1679 1648 1769 Magistratus,
1669 1693 1707 1746 ut
1728 1690 1894 1746 attextus
1915 1682 2036 1746 inlure
2058 1683 2154 1749 dicite

141 1781 299 1858 quantum
321 1765 485 1853 reliquum
508 1779 571 1844 est,
592 1767 627 1831 id
649 1786 729 1833 vere
751 1789 771 1833 a
793 1765 870 1833 Deo
892 1776 1124 1845 conservatur,
1175 1764 1357 1833 Consulem
1377 1764 1481 1834 licere
1502 1766 1643 1834 interfici
1665 1765 1910 1853 deprehensum
1926 1768 1962 1831 in
1979 1765 2155 1834 adulterio.

141 1844 240 1923 etiam
274 1875 349 1922 cum
376 1864 492 1940 partes
525 1852 657 1939 aliquae
690 1849 893 1934 lacerantur,
925 1863 962 1919 ut
996 1852 1125 1918 etiamsi
1172 1851 1216 1918 Et
1244 1853 1469 1940 Hipparchum
1490 1852 1633 1920 Athenis
1661 1849 1827 1920 interfecit
1854 1852 2059 1920 Harmodius
2079 1874 2157 1939 pre·

140 1939 208 2029 lupi
231 1938 360 2029 aliquas
383 1961 466 2006 oves
488 1940 634 2025 rapiunt,
657 1952 766 2005 tamen
788 1937 959 2027 diligentia
971 1936 1124 2005 Pastoris
1173 1951 1249 2025 pter
1270 1960 1421 2006 sororem
1438 1952 1472 2004 et
1492 1938 1578 2006 alias
1601 1937 1842 2006 contumelias
1873 1939 1943 2006 Sed
1963 1940 2157 2023 disputatio·

140 2049 265 2116 magna
318 2047 374 2093 ars
398 2026 512 2113 gregis
530 2037 713 2092 servatur:
746 2025 837 2112 Ergo
867 2026 996 2091 edumei
1023 2021 1123 2110 aliqui
1173 2046 1249 2092 nem
1271 2027 1314 2092 de
1336 2027 1491 2110 personis
1519 2024 1671 2112 relinquo
1692 2027 1910 2112 prudentibus
1940 2027 2156 2093 consideran·
2236 2100 2241 2109 ,

75 2118 78 2123 ’
140 2115 262 2180 iniuste
306 2114 539 2180 ominationem
561 2112 662 2177 ad'se
678 2110 894 2192 transferunt,
915 2123 951 2176 nt
969 2110 1124 2176 Pisistra·
1174 2112 1261 2195 dam.
1390 2184 1393 2191 ,

141 2208 208 2279 tus,
230 2199 349 2265 iniuste
371 2219 409 2263 se
431 2193 512 2265 lacit
531 2196 711 2265 Dominum
728 2197 948 2277 Athenarum,
969 2206 1026 2262 aut
1049 2216 1124 2262 cum
1142 2156 1152 2327 Ι
2088 2236 2097 2255 ι

142 2284 332 2371 turpissima
353 2283 467 2351 bellua
486 2283 609 2350 NERO
632 2294 765 2371 praeest
792 2285 826 2348 in
846 2284 998 2369 imperio,
1043 2304 1124 2348 uen-
1258 2282 1296 2349 ln
1325 2292 1443 2369 quarto
1471 2293 1654 2369 praecepto
1683 2283 1817 2369 proprie
1844 2282 1886 2348 de
1907 2280 2101 2390 parentibus
2123 2294 2158 2351 et
2224 2312 2229 2324 ·

164 2392 241 2437 uam
261 2390 426 2456 personae
452 2381 607 2455 peccant,
630 2382 739 2436 tamen
764 2370 827 2456 ipsi
858 2370 964 2434 ordini
986 2386 1030 2453 po
1044 2369 1122 2434 'tico
1172 2367 1426 2457 Magistratibus
1447 2365 1624 2455 loquimur.
1666 2368 1702 2433 ln
1725 2370 1823 2434 tertio
1846 2369 1887 2434 de
1910 2371 2078 2451 Sabbato',
2108 2371 2157 2437 dl·
2214 2413 2217 2417 -

10 2476 19 2496 ·
64 2522 74 2535 „
141 2393 281 2524 labetur
301 2457 506 2537 reverentia,
539 2468 576 2524 ut
597 2453 724 2523 Paulus
745 2466 923 2526 erecratur
943 2454 1123 2536 Neronem,
1174 2455 1278 2524 cimus
1312 2456 1354 2521 de
1387 2456 1545 2522 ministris
1577 2452 1770 2542 Evangelii,
1808 2468 1843 2521 et
1881 2455 1923 2520 de
1956 2456 2157 2539 obedientia,

139 2544 203 2610 sed
225 2553 403 2611 veneratur
425 2543 576 2611 ordinem
599 2542 755 2609 divinitus
777 2544 971 2610 institutum.
1173 2564 1259 2629 qnae
1282 2542 1332 2609 eis
1356 2542 1515 2621 debetur,
1545 2554 1579 2609 et
1611 2543 1689 2629 quia
1717 2541 1884 2609 Pontificii
1912 2538 2041 2609 faciunt
2066 2568 2154 2610 naxo
2196 2616 2199 2621 ,

1172 2633 1285 2713 ζῃλιαν,
1304 2650 1379 2695 cum
1394 2630 1576 2694 imitatione
1593 2628 1768 2713 potestatis
1783 2626 1940 2712 politicae
1950 2630 2157 2697 constituunt

225 2713 359 2781 Deinde
380 2716 422 2781 de
444 2716 598 2803 personis
620 2714 844 2801 quaerendum
866 2726 938 2795 est,
967 2734 1053 2802 quac
1074 2724 1123 2779 to·
1173 2736 1279 2800 regna
1295 2715 1333 2779 in
1355 2712 1527 2794 Ecclesia,
1558 2733 1701 2779 necesse
1733 2723 1787 2778 est
1815 2715 1857 2778 de
1886 2714 2076 2780 discrimine
2097 2717 2155 2781 ad·

139 2800 300 2869 lerandae
321 2801 399 2881 sint,
422 2813 456 2865 et
477 2801 644 2886 quomodo
668 2800 717 2864 eis
741 2801 903 2866 debeatur
924 2800 1123 2880 obedientia,
1172 2801 1301 2869 moneri
1328 2798 1490 2865 homines.
1544 2796 1692 2865 Violatio
1724 2795 1854 2885 Legum
1883 2798 2090 2885 politicarum
2121 2801 2155 2866 in

140 2899 174 2954 et
196 2909 282 2975 quae
303 2908 372 2954 non
394 2887 461 2951 sint
482 2884 689 2965 tolerandae,
707 2896 740 2950 et
761 2906 830 2972 quo
853 2887 970 2951 ordine
987 2887 1054 2951 sint
1071 2905 1123 2951 re·
1172 2886 1321 2972 imperiis
1344 2896 1397 2952 est
1423 2896 1597 2971 peccatum
1618 2882 1780 2965 mortale,
1808 2887 1898 2951 iuxta
1920 2887 2057 2952 dictum:
2090 2886 2156 2952 Ne·

138 2975 334 3042 movendae.
378 2973 442 3040 llic
464 2972 672 3040 definitiones
694 2974 858 3040 tenendae
879 2983 966 3039 sunt
1174 2993 1274 3040 cesse
1306 2982 1360 3038 est
1391 2972 1548 3038 obedire*
1563 2993 1631 3037 non
1663 2970 1775 3038 solnm
1802 2981 1940 3057 propter
1966 2974 2061 3053 iram,
2094 2974 2155 3040 sed

1173 3060 1272 3125 etiam
1297 3068 1435 3145 propter
1468 3060 1721 3124 conscientiam:
1755 3069 1792 3124 ut
1825 3059 2065 3123 contumaciter
2098 3081 2155 3148 ge·

226 3144 342 3212 Bonus
374 3144 596 3233 Magistratus
628 3155 680 3211 est
712 3146 768 3230 qui
805 3144 910 3212 habet
945 3152 1124 3232 προαίρεσιν
1173 3155 1268 3211 stans
1290 3167 1383 3212 arma
1405 3155 1522 3211 contra
1542 3144 1797 3230 prohibitionem
1816 3141 1954 3230 legitimi
1976 3142 2155 3233 Magistra·

139 3233 227 3299 iusta
249 3228 405 3311 faciendi,
427 3242 460 3297 et
480 3228 675 3316 plerumque
696 3233 786 3296 iusta
801 3228 894 3311 iacit,
916 3232 1048 3298 etiamsi
1065 3229 1123 3296 ali·
1172 3243 1240 3311 tus,
1261 3245 1320 3299 aut
1341 3228 1460 3298 nolens
1482 3232 1619 3298 obedire
1639 3229 1729 3296 latae
1750 3231 1936 3297 sententiae
1956 3232 1990 3295 in
2008 3231 2154 3317 legithno

141 3318 273 3406 quando
293 3314 434 3398 labitur,
450 3326 509 3382 aut
528 3318 564 3382 in
585 3316 697 3403 aliqua
718 3327 813 3401 parte
831 3328 884 3385 est
899 3315 1124 3406 negligentior
1172 3319 1305 3392 iudicio,
1327 3321 1419 3385 iuxta
1440 3314 1718 3406 honestasleges,
1740 3316 1831 3383 haud
1853 3318 1953 3386 duh‘e
1975 3313 2056 3383 iacit
2074 3337 2155 3404 pec-
2288 3381 2291 3387 .

12 3440 16 3451 ·
140 3414 198 3471 ant
218 3404 380 3490 asperior,
402 3423 502 3491 quam
523 3422 602 3469 esse
624 3405 779 3471 debebat.
1175 3415 1285 3472 catum
1306 3402 1457 3473 mortale.

226 3574 321 3641 llaec
341 3574 488 3642 definitio
511 3576 706 3642 necessario
733 3575 878 3644 tenenda
906 3587 958 3641 est
986 3576 1028 3641 de
1048 3570 1123 3661 per·
1259 3574 1329 3641 Sed
1349 3577 1383 3642 in
1406 3573 1561 3641 Ecclesia
1582 3560 1755 3641 sciendum
1777 3587 1831 3641 est
1852 3577 1895 3642 de
1916 3573 2150 3643 traditionibus

139 3663 247 3741 sonis,
268 3663 302 3725 in
324 3658 470 3748 qualibet
490 3661 633 3728 honesta
654 3658 845 3742 functione,
874 3662 917 3727 de
938 3660 1057 3742 milite,
1081 3663 1123 3729 de
1172 3659 1342 3743 humanis,
1376 3682 1463 3748 quae
1490 3662 1533 3727 ab
1550 3658 1738 3747 ‘Episcopis
1772 3673 1830 3727 aut
1852 3661 2049 3727 Pastoribas
2072 3672 2154 3727 con·
2275 3684 2280 3697 ’

139 3745 345 3815 scholastico
368 3761 432 3814 etc.
456 3758 489 3814 et
510 3760 618 3814 sumta
641 3760 692 3815 est
720 3769 761 3815 ex
782 3748 836 3814 his
860 3748 973 3829 dictu,
996 3746 1122 3815 Paulus
1173 3747 1307 3829 dnntnr,
1330 3768 1398 3813 non
1420 3767 1499 3813 esse
1521 3759 1696 3832 peccatum
1718 3748 2060 3814 earunr'traditionnm
2081 3748 2153 3814 vio·

138 3834 263 3921 inquitr
286 3833 360 3901 lloc
382 3835 571 3920 requiritur,
595 3847 631 3900 ut
652 3833 769 3901 fideles
792 3835 1005 3901 inveniamur.
1051 3834 1122 3900 Me·
1172 3831 1332 3903 lationem
1354 3844 1450 3902 extra
1472 3854 1589 3901 casum
1610 3830 1771 3914 scandali,
1793 3835 1872 3986 (poia
1888 3854 2053 3922 expresse
2074 3833 2153 3899 scri

140 3921 237 3987 dicus
268 3920 355 3988 sciat
378 3933 492 4072 llrtllm
525 3935 558 3988 et
588 3920 864 4081 ὴιδοὲιιιίδοιιωιι
906 3917 1123 4002 voluntatem,
1172 3931 1264 4074 ptum
1286 3922 1354 3988 est:
1376 3920 1485 3987 Nemo
1506 3939 1570 3987 ros
1588 3930 1707 4007 arguat
1726 3921 1761 3986 in
1783 3924 1877 4002 cbo,
1900 3931 2002 4017 potu,
2024 3921 2154 3986 vicibus
2251 3959 2256 3969 ·

95 4026 99 4031 ’
140 4026 226 4094 quae
244 4027 378 4093 compre
403 4027 444 4073 en
470 4007 493 4073 it
515 4008 613 4073 etiam
635 4027 674 4075 se
743 4019 855 4074 tatem.
1187 4019 1335 4074 estortrm
1352 4018 1418 4073 etc.
2062 4026 2073 4047 ·
2197 4028 2201 4043 ¹

225 4175 344 4244 Altera
375 4198 456 4264 pars
488 4179 629 4244 sumitur
661 4199 705 4244 ex
730 4176 927 4258 Salomone,
958 4177 1035 4244 Non
1069 4190 1121 4244 est
1259 4175 1328 4242 Sed
1356 4197 1478 4265 magne
1511 4179 1723 4246 contentione
1754 4179 1931 4265 opponitur
1962 4174 2029 4244 hoc
2055 4196 2154 4264 argn-

138 4265 248 4332 tostus
269 4266 303 4330 in
324 4274 431 4345 terra,
464 4265 520 4351 qui
543 4259 756 4331 benefaciens
778 4285 846 4330 non
872 4267 971 4331 etiam
991 4274 1122 4350 peccet,
1172 4273 1333 4331 mentum:
2124 4293 2128 4301 ·

137 4361 177 4419 ut
197 4349 324 4429 David,
364 4370 478 4502 ἄξιαι,
499 4351 693 4438 Augustus,
715 4352 843 4417 etiamsi
866 4363 900 4417 et
916 4348 1122 4416 voluntatem

138 4448 233 4503 recte
253 4436 362 4503 lucian
417 4435 554 4517 habent,
576 4447 609 4501 et
625 4434 730 4502 multa
747 4448 839 4502 recte
854 4435 991 4517 fuciunt,
1011 4448 1122 4503 tamen
1232 4440 1329 4525 Non
1359 4442 1534 4526 debetur
1552 4443 1683 4526 minor
1701 4442 1929 4526 reverentia
1951 4438 2092 4526 Ecele.

138 4520 243 4590 mnlta
262 4522 450 4676 negligunt.
492 4520 547 4588 De
567 4520 692 4588 talibus
712 4519 860 4610 loquitur
874 4523 1013 4589 Petraea
1035 4523 1122 4589 Sub·

139 4608 198 4677 diti
219 4621 328 4677 estote
373 4610 504 4689 ominis,
526 4629 596 4678 non
617 4606 728 4676 solum
744 4611 843 4676 honis
860 4621 894 4676 et
909 4609 1038 4696 eequis,
1060 4609 1122 4676 sed
1292 4562 1476 4647 Sifflffioee
1492 4562 1699 4702 ‚Rooefllstll
1729 4590 1854 4701 {lum}
1892 4563 2091 4676 POHficfle·

139 4697 237 4764 Μ
258 4696 400 4784 Μιθῑῑῡ·
1232 4681 1392 4794 Legum
1421 4684 1673 4796 politicarum
1703 4683 1869 4767 molano
1900 4696 1964 4768 est
1993 4713 2091 4797 pec-

225 4868 290 4935 llic
309 4864 499 4955 postulatur
514 4868 714 4947 ohedientia,
732 4877 768 4932 et
786 4865 1050 4954 ergapnhlicam
1066 4887 1120 4934 or·
1291 4814 1428 4888 catum
1459 4803 1668 4944 m⁰¹ftf²les
1738 4925 1748 4944 ‚
1948 4923 1957 4942 ⁶
2042 4913 2046 4919 .

140 4954 262 5035 unam,
284 4965 316 5019 a
336 4973 420 5044 aga
434 4974 612 5043 personam
631 4953 708 5020 ans
723 4955 952 5043 stupratas,
975 4955 1028 5021 eut
1040 4974 1120 5021 con·
1230 4920 1339 5036 Ergo
1369 4937 1414 5009 et
1441 4924 1706 5011 namhonum
1735 4954 1778 5008 m
1808 4922 1996 5009 Ecclesra.

140 5041 231 5129 grnlt
251 5039 397 5107 delinitio
418 5043 483 5108 iam
500 5042 651 5108 recitata.
694 5039 781 5106 Nam
803 5050 862 5107 aut
886 5041 1045 5129 praecipit
1066 5058 1118 5120 ea,

140 5144 228 5213 qnae
252 5139 441 5280 congruunt
471 5130 516 5260 ⁸1⁴¹
544 5129 694 5196 ordinem
719 5124 903 5235 politicnmz
937 5138 1018 5195 tunc
1042 5123 1120 5194 Deo
1256 5123 1476 5215 Respondeat
1510 5122 1670 5195 &neoda
1692 5125 1849 5194 muleram
1880 5124 1925 5192 de
1951 5122 2152 5239 revqrentie,
2236 5134 2240 5151 ·
