4628 5588
152 176 217 247 tet
394 171 436 239 X.
458 168 733 240 sententiaa
754 162 969 238 vetarunt
990 166 1188 245 ALlQUO'l
1205 167 1493 238 SCRlPTOlthl
1509 168 1573 238 DE
1594 170 1746 239 coatia
1766 170 1939 240 Dotttltt.
2098 175 2165 248 738

147 380 259 439 eausa
279 365 312 430 in
335 360 562 428 exuscitatrdis
583 345 722 427 mortuis
745 378 812 423 non
828 353 1036 424 solummodo
1058 377 1132 424 ver
1182 352 1334 425 beneficii
1359 357 1534 425 utilitatem
1562 359 1719 445 cepimus.
1765 359 1877 434 Quare
1899 365 2092 429 necessario
2115 364 2162 431 di·
2262 345 2271 357 “

153 460 199 524 ho
220 462 320 539 atque
340 449 490 535 imperio,
512 459 551 532 ut
565 444 673 526 Deus,
693 447 866 523 utebatur,
897 464 1014 510 rerum
1036 446 1134 511 etiam
1182 446 1322 511 cendum
1347 466 1446 532 quam
1468 446 1662 511 admirande
1684 420 1858 535 mytteria,
1880 451 2074 516 etcurdata
2087 454 2164 533 sint,

146 554 291 611 'caruem
312 556 407 602 auem
429 533 525 621 quasi
548 532 808 620 cooperatricem
821 531 1133 616 nonnunquamrad·
1183 544 1217 596 et
1239 553 1404 619 quaenam
1426 552 1540 597 eorum
1561 533 1695 598 utititas.
1762 532 1870 599 Unum
1894 556 2017 620 corpus
2036 557 2162 616 sumus,

144 628 301 709 bibebat,
319 634 356 687 ut
378 623 511 706 reipsa
533 619 741 696 oste-deret,
769 635 903 681 carnem
924 638 1057 703 quoque
1078 637 1134 681 su·
1184 629 1217 683 et
1239 621 1388 684 rrrcrnbra
1410 639 1451 683 eu
1474 639 1588 698 carue,
1611 631 1644 683 et
1669 621 1803 685 ossibus
1826 624 1909 687 eius.
1970 622 2084 695 Quare
2104 624 2164 690 ini·

154 736 220 794 am,
238 711 394 800 quereiam
413 709 476 772 sibi
495 708 670 772 coniuncta
693 716 756 783 est,
782 702 946 770 riviiicem
969 723 1064 782 esse,
1085 714 1133 768 at·
1183 706 1255 769 tiati
1273 706 1345 770 eius
1366 706 1554 790 praeceptis
1577 725 1694 790 perere
1716 707 1849 770 debent.
1896 706 1941 772 Ut
1963 719 2072 773 autem
2094 729 2164 774 non

153 822 221 888 que
243 795 360 864 tidelea
385 795 523 860 doceret
554 813 662 869 suum,
685 809 751 855 non
774 786 912 853 ulterius
935 809 1059 873 corpus
1080 809 1135 854 es·
1184 788 1294 856 solum
1315 811 1376 875 per
1392 789 1615 870 dilectionem,
1636 793 1697 857 sed
1721 790 1781 857 tta
1799 792 1899 858 tt’stt
1928 795 1960 857 in
1982 791 2074 859 illam
2093 815 2165 859 cor·
2199 791 2209 799 ”

155 904 207 953 aa.
260 884 345 950 Nam
367 881 502 968 quando
524 895 721 966 synagogae
742 876 898 960 principis
921 872 1057 940 filiolam
1079 894 1135 940 su·
1184 898 1260 942 nem
1282 890 1526 956 convertamur,
1547 899 1608 963 per
1630 880 1739 943 cibum
1757 879 1790 942 id
1809 875 1965 959 allicitur,
1987 901 2083 965 quem
2106 902 2164 944 no·

157 972 314 1048 scitabat,
336 988 468 1034 manum
501 966 572 1030 eiua
594 960 822 1049 apprehendit,
844 972 880 1026 ut
901 964 1069 1042 scribitur,
1101 972 1135 1027 et
1186 966 1238 1028 bis
1270 961 1413 1052 largitus
1447 976 1510 1030 est.
1555 963 1639 1029 Cum
1669 966 1754 1029 enim
1787 985 1884 1031 suum
1915 969 1947 1029 in
1977 986 2041 1030 nos
2073 987 2164 1032 nmo·

156 1057 263 1126 erexit
284 1056 417 1119 tliceost
452 1048 567 1117 Puella
588 1068 703 1136 surge,
735 1049 782 1112 ita
802 1057 839 1111 ut
860 1046 958 1122 lleua
975 1059 1009 1113 et
1030 1050 1134 1113 verbo
1185 1070 1254 1115 rem
1287 1052 1434 1115 indicare
1468 1047 1586 1127 vellet,
1618 1070 1679 1135 per
1712 1071 1835 1138 corpus
1865 1073 1960 1117 suum
1990 1071 2029 1117 ae
2062 1052 2163 1116 noble

157 1148 192 1213 et
213 1141 325 1208 carnis
348 1158 431 1205 suae
452 1149 544 1203 tactu
566 1156 641 1200 eam
664 1134 839 1212 excitavit,
872 1154 970 1198 arram
1002 1136 1045 1198 ab
1068 1153 1135 1198 uno
1185 1138 1409 1214 commiscuit,
1437 1147 1469 1201 et
1491 1138 1525 1200 in
1547 1158 1646 1202 unum
1669 1139 1841 1203 nobiscum
1862 1139 2010 1225 redegit,
2033 1149 2070 1203 ut
2090 1157 2165 1203 cor·

158 1232 198 1297 de
220 1225 375 1305 Christo,
407 1222 484 1289 Deo
503 1219 657 1288 uidelicet
676 1231 777 1305 atquo
799 1218 950 1299 horaioe,
972 1222 1136 1304 operatio·
1185 1241 1249 1306 pus
1283 1243 1356 1288 oum
1394 1223 1503 1308 capite
1535 1223 1693 1289 uniretur.
1759 1223 1832 1290 lloc
1871 1224 1956 1289 cuitu
1988 1225 2165 1290 amantium

147 1322 235 1383 neth
258 1313 458 1398 producens.
520 1306 661 1381 Quando
684 1306 781 1370 etlam
803 1309 836 1369 in
858 1306 1023 1370 civitatem
1041 1305 1136 1370 Nairn
1186 1310 1326 1375 maxime
1354 1319 1417 1375 eet.

159 1411 314 1469 vocatam
335 1396 593 1484 ingrediebatur,
616 1405 649 1457 et
661 1389 861 1457 offerebatur
871 1392 1058 1477 unigenitus
1070 1411 1137 1456 nra·

157 1489 218 1553 tris
246 1483 335 1549 tilius
356 1484 421 1548 iam
444 1494 612 1558 mortuus,
636 1478 742 1563 tetigit
763 1496 886 1562 corpus
908 1479 980 1542 eiua
1001 1478 1137 1544 dicens:

159 1568 371 1638 Adolescens
394 1567 469 1633 dico
492 1566 567 1644 tibi,
600 1583 713 1650 surge.
756 1563 832 1628 Non
851 1582 934 1650 erqo
956 1566 1061 1628 verbo
1083 1584 1137 1629 so·

34 1729 38 1735 ,
158 1658 226 1725 Ιιιιιι
248 1676 398 1759 semper,
431 1664 467 1718 ut
489 1652 648 1729 diximus,
682 1669 797 1714 renam
820 1650 917 1714 etiam
939 1661 1031 1713 tactu
1053 1668 1139 1713 mor·
1491 1663 1853 1734 CHRYSOSTOMUS

159 1755 235 1810 tuoa
257 1741 441 1817 excitabat,
474 1749 511 1802 ut
533 1736 723 1802 ostenderet
740 1752 865 1819 corpus
888 1755 1020 1820 quoque
1042 1754 1138 1800 suum

161 1827 328 1933 vivificare
361 1843 477 1908 posse,
509 1824 600 1909 quod
632 1823 662 1886 si
684 1817 760 1904 solo
776 1833 874 1940 ⁸tactu
891 1840 955 1886 suo
983 1831 1139 1904 corrupta
1188 1856 1221 1922 qn
1243 1853 1328 1941 cap·
1353 1853 1478 1920 ΧΧἯο
1507 1852 1793 1921 ΜΑΤΤΗΑΕΙ.
1822 1853 1966 1920 nomilia
1986 1852 2165 1920 Lxxxffl·

159 1915 288 1980 redinte
309 1922 460 1998 grantur,
507 1906 650 1973 uomodo
672 1922 739 1972 nort
762 1907 911 1972 tivemus
935 1904 1011 1979 Qlll
1034 1902 1139 1969 CAR·

159 1997 255 2065 aaut
288 1992 432 2071 tabath
461 1993 489 2059 E
548 1991 792 2057 custumiis
820 1990 878 2055 ET
898 1989 1139 2054 MANDUCA·
1846 2025 1850 2029 ψ
1905 2026 1910 2034 ·

159 2084 270 2152 hlUSi
312 2076 521 2148 llel'ormabit
537 2078 623 2144 enim
644 2079 777 2141 omnino
799 2077 841 2141 ad
865 2072 1140 2140 immortalitatem
1275 2073 1485 2162 vigilandum
1505 2076 1611 2163 {igitur
1632 2086 1696 2155 est,
1726 2078 1905 2143 nonenim
1927 2097 2067 2162 parvum
2088 2095 2167 2161 sup-

160 2189 258 2235 auam
279 2168 458 2252 participes
480 2163 543 2229 sui.
585 2161 659 2227 Nec
679 2160 763 2228 velis
786 2162 930 2238 iudaice,
959 2162 1138 2247 quomodo,
1189 2160 1324 2250 plioium
1346 2163 1482 2248 indigne
1512 2163 1793 2228 communicantes
1815 2173 1982 2249 expectat.
2047 2159 2169 2249 Cogita

186 2272 335 2331 maerere,
356 2253 417 2316 aed
441 2249 633 2327 recordare,
656 2248 809 2334 quanvis
830 2244 1025 2313 naturaliter
1053 2267 1140 2333 aqua
1189 2260 1313 2336 quanta
1333 2249 1559 2333 indignatione
1579 2249 1743 2314 adversus
1766 2250 1980 2335 proditorem,
2004 2248 2168 2314 adversus

160 2274 315 2487 hlqtdior
332 2336 388 2416 alt,
408 2337 554 2402 advemu
575 2348 685 2400 tamen
706 2335 813 2415 ignis,
845 2332 1035 2420 frigiditatis
1057 2351 1141 2399 suae
1190 2355 1264 2416 eos,
1284 2336 1342 2421 qui
1364 2333 1601 2401 crucifixerunt
1621 2336 1742 2420 ipsum,
1763 2336 1943 2414 movearis,
1966 2347 1999 2401 et
2021 2353 2105 2400 cave
2127 2351 2169 2398 ne

164 2423 209 2490 ab
224 2423 273 2487 ita·
288 2432 426 2489 aestuat.
482 2419 556 2486 lloo
577 2422 781 2486 sanemodc
803 2420 903 2485 etiam
924 2438 1006 2498 noa,
1027 2438 1141 2505 quam·
1191 2432 1228 2486 tu
1253 2441 1320 2507 quo
1347 2440 1389 2487 ue
1415 2420 1568 2505 corporis
1592 2431 1627 2486 et
1652 2421 1826 2506 sanguinis
1855 2419 1982 2487 Christi
2002 2439 2081 2487 reus
2098 2415 2169 2495 elii·

162 2508 215 2574 tia
231 2517 535 2595 proptarlaeturam
558 2507 670 2572 camis
682 2503 917 2591 corruptibiles
928 2506 1141 2590 simne-par·
1193 2507 1304 2572 claris.
1341 2502 1376 2571 lli
1397 2507 1614 2572 acerbissime
1636 2508 1853 2585 trucidarunt,
1876 2519 1911 2572 tu
1927 2518 2006 2591 post
2027 2517 2077 2570 tot
2099 2517 2169 2570 tan·

135 2592 351 2677 -ttatparione
379 2605 489 2677 tamen
520 2592 609 2658 ritae
640 2594 683 2657 ab
706 2588 930 2659 imbecillitate
950 2604 1068 2657 nostra
1090 2610 1142 2656 ra·
1192 2605 1227 2657 ta
1252 2611 1294 2657 ue
1315 2590 1479 2657 beneficia
1493 2588 1636 2657 'sordida
1657 2593 1750 2659 susci
1773 2593 1802 2655 is
1824 2594 1945 2659 omnia.
1983 2591 2059 2657 Nou
2083 2592 2171 2657 euim

147 2680 285 2759 'ideali‘
305 2679 349 2745 ad
371 2676 608 2763 plopdetatem
628 2674 718 2743 illlua
739 2678 895 2742 advitam
914 2673 1140 2742 reformamur.
1190 2612 1316 2743 auhicit
1341 2676 1407 2761 ipsi
1444 2675 1611 2741 hominem
1638 2675 1721 2755 lieri,
1748 2615 1890 2761 hegeltts
1912 2679 2041 2743 interim
2062 2677 2170 2756 caedi,

146 2763 317 2849 ·0portuit
335 2763 421 2830 enim
442 2775 535 2830 carte
555 2774 591 2829 ut
612 2783 679 2827 non
702 2758 811 2827 solum
832 2762 943 2825 anima
963 2780 1025 2847 per
1039 2761 1142 2847 Spiri-
1192 2763 1253 2828 aed
1274 2780 1338 2828 noa
1361 2780 1476 2827 secam
1497 2763 1531 2826 in
1553 2781 1663 2840 unam,
1684 2773 1722 2827 ut
1741 2762 1789 2827 ita
1810 2762 1929 2842 dicam,
1951 2783 2098 2829 atessam
2119 2781 2170 2827 ra·

145 2856 228 2916 tum
260 2862 414 2916 sanctum
442 2853 476 2916 iu
501 2852 635 2916 beatam
656 2848 757 2913 vitam
779 2846 994 2927 ascenderet,
1026 2866 1141 2913 verum
1193 2848 1294 2927 ducit,
1315 2866 1425 2933 neque
1444 2849 1478 2912 id
1501 2847 1567 2914 lide
1587 2844 1708 2928 solum,
1731 2847 1793 2913 sed
1814 2849 1948 2934 reipsa
1968 2865 2169 2933 noscorpua

160 2936 260 3001 etiam
286 2945 325 3001 ιιι
345 2936 430 3004 rude
456 2947 556 3023 atque
577 2945 738 3001 terrestre
758 2932 826 3000 hoe
848 2952 972 3017 oorpua
996 2946 1141 3021 cognato
1192 2955 1289 3000 suum
1312 2930 1424 2998 efficta
1491 2931 1566 3006 Qua
1593 2934 1693 3020 igitur
1714 2954 1752 2998 re
1775 2934 1979 3001 mundiorem
2000 2953 2080 3000 esse
2101 2952 2171 2998 nou

161 3020 227 3086 albi
241 3048 245 3065 ¹
258 3031 371 3109 gustat,
403 3033 507 3103 tactu,
530 3033 564 3089 et
585 3019 727 3089 eihand
748 3017 1024 3089 immortalitatem
1044 3020 1142 3088 reda·
1193 3030 1326 3106 oportet
1347 3039 1441 3098 eum,
1490 3018 1524 3084 ui
1545 3019 1613 3086 hoc
1634 3019 1801 3085 sacrificio
1828 3020 2085 3106 participaturus
2107 3028 2171 3099 eat,

163 3117 319 3176 metm·
348 3156 351 3161 -
639 3164 642 3168 .
1216 3125 1279 3172 uos
1300 3103 1412 3170 radica
1441 3125 1481 3169 so
1533 3124 1573 3171 es
1603 3125 1672 3171 non
1704 3107 1841 3172 deberet
1869 3098 2032 3172 excedere
2054 3123 2171 3171 manus

347 3210 369 3241 ·-
1192 3128 1262 3269 illa,
1294 3211 1360 3277 que
1392 3188 1480 3258 hanc
1509 3210 1667 3257 coronam
1698 3203 1894 3277 pertractat,
1922 3212 1962 3258 os
1985 3193 2076 3278 quod
2093 3193 2171 3278 igne

1096 3300 1100 3307 ·
1192 3275 1347 3362 impletur
1369 3274 1544 3362 spirituali,
1567 3275 1680 3364 lingua
1700 3286 1788 3364 quae
1810 3291 2004 3345 cruentatur
2023 3279 2092 3344 hoc
2114 3277 2172 3342 ad·

1193 3360 1334 3429 mirabili
1356 3363 1538 3448 sanguuet
1566 3362 1703 3429 >Veniat
1720 3365 1754 3429 iu
1776 3375 1919 3428 meatem
1940 3365 2009 3447 tibi,
2032 3382 2099 3450 quo
2121 3363 2171 3427 sia

477 3460 840 3532 CHRYSOS'POMUS
1190 3450 1320 3517 honore
1340 3446 1536 3526 honoratus,
1557 3469 1624 3536 qna
1644 3468 1761 3515 arcusa
1781 3447 1914 3515 fruaris.
1958 3447 2172 3536 Eanamqu'e

1191 3557 1231 3603 re
1251 3554 1315 3600 noa
1337 3531 1468 3615 alimur,
1489 3555 1590 3621 quam
1610 3532 1722 3622 angeli
1743 3536 1896 3601 videntes
1918 3545 2076 3614 tremum,
2108 3554 2172 3602 uec

303 3654 338 3729 ι
359 3652 416 3731 ιι
435 3652 518 3740 ιι·
537 3651 714 3721 ww·
738 3650 880 3720 nm
897 3650 1003 3720 m.
1192 3619 1939 3792 ιιιιῑιιιιιιιιιιιιιιιιιι
1956 3617 2173 3772 irritati

1064 3818 1069 3841 ·
1194 3794 1392 3870 reducimur,
1415 3790 1540 3857 Christi
1562 3812 1684 3876 corpus
1705 3813 1817 3868 unum,
1840 3803 1964 3857 etcaro
1986 3812 2063 3856 una.
2087 3789 2172 3865 Quia

180 3896 184 3903 ·
252 3873 394 3949 Quando
416 3876 504 3943 euim
523 3878 616 3944 'subit
635 3876 809 3965 quaestio,
830 3875 1004 3962 quomodo·
1020 3872 1143 3967 aliquid
1195 3878 1353 3963 loquetur
1385 3878 1551 3964 potentian
1584 3875 1738 3943 Domini‘l
1770 3878 1901 3943 auditas
1932 3875 2033 3943 saciet
2056 3895 2172 3943 omnes

163 3959 235 4038 liat,
267 3959 366 4026 simul
398 3963 490 4028 aubit
520 3961 748 4030 incredulitas.
814 3960 863 4027 ita
884 3975 920 4027 et
941 3960 1144 4029 Nicodamus
1193 3963 1315 4030 laudes
1349 3964 1445 4031 eiust
1477 3963 1554 4049 quia
1587 3973 1702 4049 pastor
1734 3983 1879 4049 unquam
1911 3964 2069 4028 membris
2101 3960 2173 4026 aula

208 4048 381 4112 rturhatua
407 4049 672 4135 est,‚tnqutens2
706 4048 883 4124 Quomodo
934 4059 1023 4113 otest
1044 4046 1143 4114 bomo
1194 4070 1276 4114 oves
1307 4069 1387 4114 suas
1419 4048 1586 4120 nutriviti,
1643 4044 1770 4113 Multae
1799 4060 1920 4115 matres
1944 4060 2021 4133 post
2043 4059 2174 4134 partum

150 4066 371 4198 -lifventram
392 4133 506 4199 matris
528 4154 610 4199 auae
631 4136 751 4199 iterato
772 4068 933 4202 introiral
979 4134 1093 4200 ltideut
1109 4149 1144 4203 et
1194 4133 1267 4202 aliis
1289 4134 1473 4200 nutricibus
1495 4131 1642 4199 inientes
1665 4133 1839 4213 dederunt,
1904 4134 1948 4198 od
1970 4134 2043 4220 ipse
2060 4130 2174 4199 lacem

146 4214 200 4281 bi
221 4236 330 4283 nuno:
363 4217 539 4292 Quomodo
560 4231 670 4306 potest
691 4218 747 4283 hio
771 4222 872 4287 nobie
893 4240 1027 4285 carnem
1048 4240 1144 4287 suam
1194 4219 1312 4300 noluit,
1346 4220 1408 4285 sad
1440 4221 1577 4307 proprio
1596 4238 1737 4304 corpore
1757 4238 1822 4284 noa
1845 4221 1915 4299 ait,
1948 4231 1982 4285 et
2004 4218 2069 4284 sibi
2091 4234 2172 4282 coa·
2281 4264 2283 4269 -

164 4305 246 4370 dare
267 4302 311 4367 ad
333 4304 621 4375 manducandum?
664 4305 801 4372 Nomai
822 4308 890 4375 hcc
911 4306 1144 4385 inquirimur
1193 4307 1310 4395 iungit,
1341 4318 1442 4391 atque
1473 4305 1691 4394 conglutinat.
1758 4302 2016 4372 Consideremus
2049 4315 2173 4383 autem,

39 4444 44 4453 .
162 4410 232 4456 noa
254 4388 340 4455 idom
361 4390 402 4455 in·
416 4391 562 4479 quinquo
580 4410 701 4480 panum
723 4389 881 4458 miraculo
904 4393 1041 4460 dixisti?
1062 4413 1144 4480 quo·
1193 4393 1336 4480 inquies,
1359 4389 1439 4456 licet
1458 4406 1573 4477 aperte
1592 4392 1635 4460 ad
1659 4410 1775 4456 omnes
1798 4393 1971 4474 pertineat.
2035 4389 2119 4455 Nam
2141 4388 2173 4454 ai

150 4477 264 4542 -uodo
286 4494 347 4541 eos
368 4477 402 4541 in
419 4489 546 4545 tautum
569 4479 681 4544 atttriti
721 4477 811 4554 Quia
826 4491 914 4545 ¹tunc
939 4490 1067 4543 tantam
1089 4498 1143 4543 aa·
1193 4479 1237 4544 ad
1265 4488 1416 4544 naturam
1446 4488 1593 4545 nostram
1619 4477 1810 4555 descendit,
1838 4489 1930 4563 patet
1951 4476 2107 4562 quoniam
2128 4471 2172 4539 ad

166 4563 268 4627 rand
290 4563 487 4644 nunaut„
502 4584 569 4630 non
588 4563 804 4630 considerare
827 4560 1031 4631 miraculum.
1074 4564 1145 4630 Sed
1194 4583 1321 4641 orrrnes,
1354 4562 1445 4648 quod
1477 4563 1507 4627 st
1538 4564 1581 4629 ed
1615 4584 1752 4643 omues,
1780 4574 1819 4628 ct
1840 4563 1882 4627 ad
1904 4577 2174 4647 unumquemque

166 4663 224 4711 raa
243 4647 317 4731 ipsa
338 4660 417 4715 tunc
439 4651 570 4729 docuit,
592 4651 743 4737 inquies,
769 4649 862 4738 Ergo
878 4670 920 4714 err
942 4672 983 4716 eo
1005 4660 1039 4715 at
1058 4650 1143 4715 haec
1193 4647 1357 4735 prolecto.
1401 4648 1470 4713 seat
1493 4668 1553 4713 cur
1573 4669 1641 4714 non
1663 4668 1781 4714 omnes
1803 4649 1879 4713 inde
1901 4645 2029 4712 lucrum
2052 4664 2171 4711 conse·
2223 4658 2248 4711 .“

167 4733 306 4799 credere
327 4736 475 4820 oportuit
491 4739 522 4802 ei
540 4733 651 4802 facilia
672 4733 763 4803 sactu
785 4755 873 4802 esse.
907 4735 1088 4822 Propterea
1110 4735 1144 4800 ld
1194 4735 1258 4800 cuti
1280 4745 1369 4810 aunt,
1390 4732 1542 4820 inquies?
1606 4733 1642 4798 ld
1665 4746 1756 4800 certe
1776 4752 1842 4800 non
1866 4730 1954 4799 illius
1976 4751 2092 4812 caasa,
2114 4729 2173 4818 qui

164 4818 258 4902 priutt
280 4814 357 4886 l'eoit
377 4820 583 4905 miraculum,
603 4833 640 4888 ut
660 4842 721 4910 per
743 4819 824 4888 illud
848 4842 915 4887 non
937 4833 1053 4889 essent
1073 4814 1155 4887 am?
1194 4821 1334 4885 maxime
1356 4817 1423 4885 hcc
1445 4828 1550 4905 optat,
1581 4821 1712 4899 accidit,
1746 4821 1945 4885 acdeorum
1969 4814 2081 4901 culpe,
2115 4815 2172 4902 qul

164 4901 254 4990 plius
270 4903 431 4995 increduli
453 4908 525 4987 hia,
554 4928 640 4994 quaa
706 4909 870 4974 atmodum
894 4906 1027 4973 diceret.
1091 4905 1142 4971 llli
1193 4922 1268 4972 eam
1290 4905 1464 4990 auacipera
1485 4899 1610 4972 uotam.
1656 4902 1805 4992 Singulis
1825 4904 1913 4970 enim
1934 4900 2089 4969 ildelibua
2110 4920 2172 4989 per

165 4989 394 5076 quidam'tune
414 4995 574 5081 temporie
591 4992 657 5059 nihi
694 5015 737 5059 ex
757 4992 929 5074 hiadictis,
951 5013 1015 5059 noa
1037 4994 1141 5080 ipsius
1191 4989 1259 5060 hoc
1279 4991 1474 5079 mysterium
1493 5008 1536 5059 se
1556 4990 1736 5080 coniungit,
1757 5000 1792 5058 at
1813 5009 1900 5079 quoa
1921 4988 2069 5076 peperit,
2101 4989 2181 5056 Μ’

320 5128 467 5173 Rumi-
481 5132 565 5177 om.
579 5131 643 5173 VOL-
657 5130 741 5175 ΝΠ.
1965 5107 1999 5159 u
