4628 5588
152 112 161 123 ἱ

31 408 34 415 -
142 378 260 434 sancto
294 364 502 432 accendente
538 358 695 427 laetitiam
729 373 762 426 et
791 382 908 446 pacem
941 362 976 427 in
1010 363 1122 428 corde.

142 455 274 522 Usitata
291 463 345 517 est
366 452 468 539 igitur
488 448 588 515 nobis
611 448 695 513 haec
716 447 873 514 definitio.

227 607 359 674 fines
382 618 435 673 est
456 606 612 671 assentiri
633 606 789 671 universo
811 605 915 668 verbo
927 601 1003 683 Dei,
1025 605 1123 669 nobis

142 697 284 775 tradito,
317 708 418 780 atque
447 693 493 756 ita
521 704 555 758 et
600 692 788 757 remissioni
843 691 961 769 iatine,
995 690 1038 756 Et
1072 702 1125 756 est

142 784 265 851 liducia
287 783 506 868 acquiescens
527 781 560 844 in
608 800 648 843 eo
670 713 1053 863 proptcvllediatorenu
1070 799 1124 841 ao-

141 874 266 937 oedens
288 871 330 932 ad
354 866 480 945 Deum,
512 888 593 931 vere
614 868 777 931 invocans
799 885 890 942 eum,
924 876 958 929 et
975 861 1125 929 clamans

142 956 242 1022 Abba
264 968 370 1040 pater.

228 1110 287 1175 Sic
313 1106 563 1196 intelligendum
593 1126 670 1171 esse
695 1101 893 1172 vocabulum
915 1104 1006 1170 Fidei
1013 1151 1024 1185 ,
1053 1127 1125 1170 cer·

142 1198 304 1267 tissimum
333 1207 405 1275 est,
439 1209 475 1261 nt
505 1191 608 1258 multa
630 1191 770 1258 illustria
794 1193 982 1257 testimonia
1013 1206 1125 1258 osteu-

142 1287 237 1363 dunt,
260 1283 431 1348 Romanos
452 1284 585 1367 quinto:
611 1279 779 1344 lustiticati
802 1278 867 1342 fide
887 1298 1002 1362 pacem
1025 1276 1125 1343 habe-

141 1391 227 1439 mus.
272 1371 324 1433 Ac
347 1369 461 1433 notitia
484 1366 659 1443 historiae,
692 1364 801 1452 qualis
830 1367 862 1429 in
885 1362 1038 1430 Diabolis
1061 1379 1126 1445 est,

141 1478 209 1525 non
232 1455 327 1521 affert
348 1475 477 1538 pacem,
498 1455 564 1517 imo
586 1468 688 1540 auget
710 1472 855 1538 pavores
878 1466 910 1516 et
923 1453 1126 1534 desperatio-

141 1563 228 1609 nent.
273 1540 349 1614 Quo
372 1542 459 1605 enim
483 1541 605 1604 certius
628 1541 739 1604 sciunt
756 1537 901 1605 Diaboli,
925 1535 1038 1602 Filium
1061 1538 1125 1604 Dei

141 1630 284 1695 iudicem
307 1646 396 1705 esse,
420 1641 453 1692 et
475 1648 513 1691 se
537 1623 667 1691 saturos
684 1645 761 1691 esse
780 1627 811 1689 in
832 1627 948 1709 poenis
968 1627 1125 1704 aeternis,

142 1737 182 1781 co
205 1710 395 1779 horribilius
419 1725 568 1778 metuunt
585 1726 617 1776 ct
639 1715 778 1778 oderunt
804 1710 922 1776 Deum.
968 1712 1040 1776 Nec
1067 1734 1126 1796 po·

141 1813 208 1868 test
219 1803 396 1886 quicquam
414 1801 554 1886 cogitari
577 1801 704 1863 tristius
717 1812 773 1863 aut
788 1800 893 1883 peius,
917 1821 1015 1884 quam
1034 1820 1126 1889 crea·

141 1899 250 1955 turam
272 1888 324 1951 sic
345 1889 377 1951 in
401 1899 471 1951 tota
494 1887 689 1951 aeternitate
712 1888 873 1950 victuram
891 1905 987 1964 esse,
1011 1897 1046 1950 ut
1068 1886 1126 1950 ha·

141 1975 220 2041 beat
242 1994 404 2039 surnmam
426 1975 639 2038 acerbitatem
668 1972 733 2036 odii
756 1973 920 2037 adversus
944 1971 1126 2051 Deum‚.et

141 2059 220 2127 velit
241 2058 390 2125 horribili
419 2056 547 2136 surore,
582 2061 689 2124 omnia
713 2059 879 2122 contrariu
910 2059 1041 2122 divinae
1068 2079 1126 2124 vo·

141 2144 270 2225 luntati,
292 2148 405 2211 omnia
428 2147 637 2230 turpissima,
660 2158 692 2209 et
714 2146 969 2208 destinationem
994 2143 1058 2207 net
1092 2158 1125 2208 et

142 2236 319 2299 universae
342 2245 500 2312 naturae,
524 2233 553 2295 si
582 2242 674 2295 esset
702 2227 882 2315 possibilis.
927 2228 1026 2294 Tales
1049 2242 1127 2319 sunt

141 2317 298 2397 Diaboli,
330 2317 503 2385 ethorum
527 2316 655 2382 similes
677 2328 774 2381 erunt
796 2316 946 2380 homines
969 2317 1124 2381 damnati.

141 2405 248 2473 Huius
266 2409 386 2470 summi
406 2416 442 2471 et
456 2404 572 2470 infiniti
588 2400 882 2489 mahuogtatione
899 2416 1126 2488 expavescant

141 2493 251 2559 anirnl-

768 171 880 237 Pttth
897 171 1002 237 utel,
1021 169 1210 239 SCRIPTA
1224 170 1503 239 montanee.

2107 174 2182 281 ²⁶6,

1174 362 1243 428 Sed
1266 365 1406 427 accedat
1431 364 1475 428 ad
1498 383 1590 441 eam,
1623 374 1658 427 et
1687 364 1818 448 quidem
1839 374 1976 449 propter
1997 330 2159 431 Mediato-

1175 471 1256 514 rem.
1307 451 1364 514 Sic
1387 450 1474 515 enirn
1506 447 1652 535 loquitur
1672 447 1813 514 Paulus:
1846 452 1912 515 Per
1936 471 2035 537 quem
2056 453 2161 519 aude·

1174 556 1249 602 mus
1271 538 1434 603 accedere
1456 539 1491 601 in
1512 535 1633 601 fiducia
1654 557 1715 621 per
1736 535 1835 602 fideru
1856 539 1938 604 eiua.

1260 710 1462 775 Necessario
1474 711 1574 796 igitur
1585 710 1735 786 dicimus,
1747 709 1861 774 Fidem
1878 721 1912 775 et
1927 710 2160 781 assensionem

1176 816 1265 875 esse,
1289 818 1373 882 quae
1402 797 1655 881 promissionem
1679 798 1819 881 accipit,
1852 810 1884 860 et
1905 815 1983 861 esse
2006 796 2161 862 fiduciam

1176 883 1445 967 acquiescentem
1474 885 1508 948 in
1537 881 1613 947 Deo
1641 896 1777 968 propter
1803 883 2032 949 hlediatorern.
2085 883 2160 948 lluc

1176 971 1398 1055 adiungantur
1430 971 1534 1035 dicta:
1568 970 1679 1036 iustus
1712 967 1778 1034 fide
1813 990 1875 1035 sua
1908 971 2009 1034 vivat.
2065 969 2159 1049 ltcm,

1177 1056 1293 1120 Omnis
1312 1058 1367 1141 qui
1390 1058 1496 1121 credit
1517 1057 1549 1120 in
1573 1078 1665 1134 eum,
1689 1075 1755 1121 non
1780 1053 2011 1122 confundetur.
2057 1054 2159 1121 Certe

1177 1140 1253 1207 sola
1281 1143 1441 1207 historiae
1474 1143 1589 1207 notitia
1622 1163 1719 1207 nemo
1742 1144 1836 1207 vivit:
1870 1142 1983 1216 Quare
2015 1164 2160 1208 necesse

1176 1242 1229 1293 est
1252 1230 1339 1295 hanc
1362 1229 1460 1293 iidem
1482 1227 1632 1315 intelligi,
1655 1250 1740 1314 quae
1762 1243 1814 1294 est
1836 1229 1958 1294 fiducia
1973 1231 2161 1295 niiserioor·

1177 1317 1251 1379 diae
1274 1330 1409 1401 propter
1440 1317 1656 1381 blediatorem
1682 1318 1879 1400 promissae..
1924 1316 1996 1381 Nec
2026 1319 2159 1381 turben·

1176 1413 1230 1468 tur
1251 1405 1295 1488 pii
1319 1400 1528 1468 cavillatione
1550 1402 1741 1486 Sophistica
1760 1423 1874 1466 eorum
1897 1404 1952 1488 qui
1976 1402 2161 1468 vociferan-

1176 1501 1248 1567 tur,
1282 1511 1344 1554 nos
1378 1490 1520 1554 miscere
1557 1491 1696 1553 virtutes
1731 1489 1957 1573 theologicas,
1990 1490 2103 1554 Fidem
2126 1499 2161 1554 et

1178 1574 1296 1661 Spem,
1320 1588 1353 1640 et
1375 1577 1544 1658 disputant
1567 1575 1720 1640 fiduciam
1743 1597 1821 1640 esse
1844 1579 1954 1640 actum
1977 1580 2061 1662 spei.
2106 1575 2161 1639 Ad

1177 1663 1264 1727 haec
1285 1666 1491 1748 respoudeat
1527 1660 1661 1727 Certum
1684 1672 1738 1726 est
1767 1683 1804 1726 re
1830 1664 1904 1745 ipsa
1926 1661 1988 1728 bus
2019 1664 2160 1728 virtutes

1178 1771 1239 1813 seu
1258 1762 1366 1814 motus
1390 1770 1455 1813 nou
1475 1771 1576 1833 posse
1607 1747 1755 1813 distrahi.
1800 1748 1869 1813 Sed
1898 1760 2008 1813 tamen
2038 1744 2161 1815 officiis

1176 1838 1318 1921 propriis
1348 1837 1524 1900 distinctae
1557 1848 1646 1901 sunt.
1692 1835 1791 1899 Fides
1821 1846 1855 1898 et
1884 1838 1999 1900 notitia
2022 1849 2092 1913 est,
2127 1847 2161 1898 et
2227 1894 2236 1906 ,

1177 1936 1286 1988 motus
1316 1943 1482 1987 accensus
1515 1944 1536 1988 a
1565 1923 1691 2005 Spiritu
1719 1933 1836 1985 sancto
1865 1923 1899 1986 in
1929 1919 2099 1986 voluntate
2127 1933 2161 1986 ct

1178 2011 1295 2088 corde,
1319 2030 1384 2093 quo
1413 2012 1446 2074 in
1470 2009 1658 2094 praesentia
1675 2006 1828 2072 volumus
1851 2020 1884 2073 et
1905 2010 2088 2093 accipimus
2110 2029 2162 2073 re·

1176 2097 1368 2163 missionem
1390 2109 1617 2181 peccatorum,
1641 2092 1942 2159 reconciliationem
1965 2112 1999 2160 et
2016 2093 2162 2159 vivifica·

1176 2185 1317 2261 tionem,
1350 2204 1436 2268 quae
1458 2181 1495 2247 fit
1527 2204 1587 2267 per
1616 2179 1732 2245 Filium
1759 2193 1792 2246 et
1814 2180 1971 2266 Spiritum
1994 2193 2160 2246 sanctum.

1177 2271 1246 2335 Sed
1268 2289 1347 2353 spes
1371 2282 1422 2332 est
1445 2281 1537 2334 certa
1559 2269 1748 2353 expectatio
1761 2265 1879 2332 salutis
1891 2282 2059 2345 aeternae,
2082 2288 2160 2354 gra·

1177 2359 1220 2421 tis
1241 2357 1371 2420 dandae
1394 2368 1530 2440 propter
1549 2357 1785 2433 blediatorem,
1807 2368 1841 2420 et
1862 2356 2076 2439 mitigationis
2105 2375 2160 2419 ca·

1175 2441 1359 2512 laniitutum
1382 2443 1414 2506 in
1437 2441 1502 2506 hac
1524 2445 1603 2520 vita,
1627 2444 1717 2506 iuva
1741 2441 1916 2507 consilium
1927 2422 2009 2506 lleiz
2031 2439 2161 2527 Estque

1176 2528 1261 2593 haec
1283 2530 1470 2614 expectatio
1493 2543 1601 2594 motus
1622 2529 1656 2593 in
1679 2530 1793 2608 corde,
1815 2548 2017 2593 acconense
2036 2527 2162 2612 Spiritu

1072 2684 1086 2703 ρ
1176 2628 1307 2694 sancto,
1329 2635 1479 2700 sequens
1498 2614 1608 2694 fldem,
1633 2615 1691 2682 Sic
1713 2616 1850 2701 propria
1873 2617 2033 2699 cuiusque
2057 2615 2161 2680 virtu·

215 2748 310 2814 ’lndo
332 2759 444 2814 autem
464 2748 642 2834 perspicue
663 2745 875 2835 intelligitur,
903 2744 1006 2834 louge
1028 2744 1127 2813 aliam

141 2855 220 2902 asse
242 2836 358 2915 fidem,
381 2855 468 2921 quae
491 2835 702 2901 credentibus
723 2855 840 2919 pacem
862 2832 977 2912 affert,
1007 2834 1039 2898 id
1062 2846 1126 2913 est,

140 2918 298 2989 laetitiam
320 2925 587 3007 acquiescentem
610 2922 642 2985 in
655 2920 731 2986 Deo
753 2920 1126 3006 propterllediutorem.

142 3008 307 3093 Loquitur
330 3029 412 3093 ergo
436 3005 559 3072 Paulus
578 3010 620 3071 de
642 3008 706 3070 hac
729 3007 822 3084 Fide,
845 3028 910 3092 qua
932 3010 982 3072 sic
1005 3005 1127 3092 ample·

142 3098 244 3159 cteris
267 3095 533 3177 promissionem,
557 3106 593 3157 ut
615 3096 735 3157 credas
759 3095 895 3177 tibiipsi
914 3095 1030 3158 remitti
1049 3115 1127 3177 pec-

144 3193 234 3258 cata,
257 3193 289 3244 te
312 3182 429 3264 ipsum
443 3177 666 3249 reconciliari,
696 3177 791 3251 Quae
813 3178 913 3243 Fides
937 3192 990 3243 est
1011 3199 1127 3243 assen-

143 3268 207 3346 sio,
229 3288 296 3351 qua
313 3267 439 3350 accipis
462 3285 578 3329 omnes
601 3261 761 3331 articulos
784 3263 893 3345 Fidei,
915 3278 948 3329 et
969 3278 1022 3330 est
1044 3267 1126 3330 lidu-

143 3354 197 3419 cia
218 3353 441 3438 acquiescens
463 3353 496 3416 in
513 3349 588 3417 Deo
611 3350 990 3437 proptarllediatorem.
1013 3353 1127 3424 Quare

142 3436 269 3505 Paulus
291 3441 333 3503 ad
364 3437 534 3504 licinanos
564 3451 700 3524 quarto,
734 3436 934 3502 correlative
958 3442 1127 3503 connectit

140 3524 404 3592 Promissionern
433 3538 466 3590 et
495 3525 620 3590 Fidem.
674 3524 830 3589 Nominat
858 3526 958 3612 igitur
986 3524 1126 3589 Finem

139 3610 229 3681 hauc
252 3613 495 3691 assensionem,
519 3633 606 3699 quae
622 3613 876 3697 promissionem
888 3612 1020 3696 accipit.
1053 3612 1126 3677 Nec

140 3698 279 3771 dubium
310 3711 383 3779 est,
417 3699 606 3765 mandatum
635 3697 700 3764 Dei
723 3718 819 3779 esse,
849 3709 885 3765 ut
907 3699 1127 3763 assentiuntur

165 3785 371 3849 roruissionir
401 3787 486 3850 sicut
509 3784 675 3851 lohannes
698 3786 730 3851 iu
758 3785 820 3851 uita
843 3782 907 3858 Qui
931 3807 996 3851 non
1020 3785 1126 3850 credit

57 3878 62 3889 ‘
174 3890 236 3950 eo,
265 3873 457 3935 mendacem
487 3892 561 3936 eum
593 3869 682 3937 facit.
729 3807 778 3937 lli
802 3871 902 3959 igitur
933 3870 998 3936 fide
1019 3872 1126 3954 accipi

140 3955 448 4042 promissiolpossit
469 3958 569 4021 docet
590 3954 715 4025 Paulus
739 3979 812 4024 eam
835 3979 900 4023 uon
920 3958 1066 4044 perulere
1084 3978 1125 4023 ex

139 4041 329 4116 conditione
357 4040 473 4126 Legis.
516 4042 610 4107 llaec
639 4065 706 4108 non
736 4060 879 4127 possunt
912 4042 1050 4132 intelligi
1083 4045 1125 4108 de

137 4126 215 4213 sola
240 4130 355 4195 notitia
376 4128 545 4208 historiae,
566 4141 604 4193 ut
625 4130 810 4196 adversarii
831 4131 944 4213 coeci,
973 4143 1008 4198 et
1028 4127 1125 4196 falsis

78 4281 83 4287 .
142 4217 353 4302 opinionibus
376 4214 531 4285 &cinon
553 4216 769 4283 contendunt.

285 4646 289 4653 ,
332 4622 337 4631 .
389 4548 520 4635 Aliud
542 4549 857 4658 Testimonium.

139 4792 156 4803 ··
228 4764 396 4850 Ephesios
417 4769 526 4848 tertio,
548 4712 711 4833 Declarat
722 4763 858 4845 Patulus,
879 4768 958 4853 quid
981 4766 1128 4835 nominet

1176 2704 1219 2768 tis
1242 2696 1354 2769 cilicia
1376 2700 1601 2791 intelligantur
1623 2714 1657 2767 et
1677 2717 1769 2768 recte
1786 2702 2030 2768 discernantur.

1264 2859 1318 2925 Ad
1341 2859 1584 2924 enarrationem
1607 2856 1762 2923 vocabuli
1785 2858 1870 2924 fides
1892 2871 1927 2925 et
1947 2858 2034 2924 haec
2047 2857 2161 2923 admo·

1177 2948 1258 3012 nitio
1280 2948 1432 3031 pertinet.
1477 2945 1565 3010 idem
1589 2957 1640 3010 est
1662 2947 1792 3010 dicere:
1815 2947 1882 3011 Per
1899 2945 2162 3010 misericordiam

1176 3035 1329 3099 homines
1352 3035 1459 3098 iustos
1481 3052 1572 3110 esse,
1606 3053 1668 3097 seu
1689 3031 1825 3116 placere
1849 3032 1943 3111 Deo,
1962 3045 2010 3106 ,et
2032 3032 2160 3097 dicere:

1178 3119 1337 3185 Homines
1358 3118 1439 3184 Fide
1461 3119 1570 3183 iustos
1593 3139 1682 3184 esse.
1707 3119 1876 3205 Expressa
1899 3134 2009 3185 autem
2031 3130 2064 3183 et
2085 3138 2161 3182 sae·

1177 3225 1220 3292 pe
1242 3210 1401 3290 repetitae
1422 3217 1500 3274 sunt
1522 3204 1585 3270 hae
1607 3208 1791 3270 sententiae
1803 3202 1936 3272 Psalmo
1950 3216 2063 3271 sesto:
2085 3199 2161 3269 Sal·

1178 3314 1256 3359 vum
1278 3314 1331 3358 me
1353 3292 1409 3357 fac
1425 3304 1564 3378 propter
1585 3293 1847 3359 misericordiam
1868 3304 1969 3359 tuam.
1994 3288 2084 3356 Psul.
2105 3286 2168 3358 31:

1176 3380 1271 3445 Beati
1305 3401 1444 3466 quorum
1467 3382 1626 3445 remissae
1648 3392 1728 3444 sunt
1749 3381 1938 3465 iniquitates
1960 3392 2024 3445 etc.
2068 3382 2161 3458 item,

1177 3466 1271 3531 Disi:
1295 3465 1481 3531 confitebor
1503 3470 1668 3532 adversus
1691 3488 1743 3532 me
1765 3467 1954 3531 iniustitiam
1975 3486 2098 3543 meam,
2128 3477 2162 3530 et

1177 3567 1213 3619 tu
1234 3555 1381 3618 remittes
1404 3554 1602 3638 impietatem
1625 3554 1753 3638 peccati
1775 3556 1850 3619 mei.
1880 3550 2030 3619 Danielis
2052 3571 2159 3615 nono:

1176 3640 1252 3705 Non
1276 3641 1308 3703 in
1330 3641 1456 3705 iustitia
1479 3653 1609 3719 nostra,
1631 3642 1692 3705 sed
1715 3641 1941 3706 misericordia
1956 3651 2011 3704 tua
2024 3651 2161 3787 propper

1178 3728 1353 3793 Donviuum
1377 3728 1493 3791 exaudi
1516 3746 1590 3791 nos.
1634 3729 1691 3791 Sic
1713 3739 1746 3792 et
1766 3725 1893 3792 bloises
1914 3738 2073 3810 precatur
2125 3746 2161 3788 r·

1177 3815 1230 3879 odi
1254 3814 1308 3879 34.
1353 3813 1495 3879 lloruine
1519 3811 1613 3879 Deus
1636 3815 1848 3890 misericors,
1881 3815 1937 3898 qui
1957 3808 2072 3877 aufers
2101 3811 2161 3875 ini·

1177 3902 1347 3986 quitatem,
1380 3912 1414 3964 et
1446 3902 1609 3964 introcens
1631 3921 1743 3964 coram
1767 3912 1800 3965 te
1821 3921 1890 3965 non
1912 3911 1964 3964 est
1986 3900 2160 3963 innocens.

1177 3986 1218 4051 Et
1241 3991 1338 4138 loque
1360 3987 1524 4052 secundo:
1548 3984 1788 4072 Relinqueutes
1800 3987 2161 4053 miscricordiamvaua

1176 4087 1274 4139 custo
1300 4075 1379 4139 iunt.
1766 4101 1769 4108 ·

1173 4289 1176 4293 ⁴
1262 4245 1403 4318 Quoties
1434 4255 1543 4311 autem
1575 4245 1803 4311 misericordia
1824 4246 2030 4324 nominatur,
2061 4238 2161 4309 sirnul
2223 4218 2229 4225 ’

1174 4331 1315 4415 intelligi
1343 4343 1477 4417 oportet
1498 4333 1751 4416 promissionem
1773 4345 1808 4396 et
1828 4326 2059 4411 lilediatoreui,
2081 4330 2160 4415 quia

1174 4419 1357 4505 loquuntur
1379 4416 1567 4503 Prophetae
1587 4420 1629 4484 de
1650 4420 1879 4484 misericordia
1901 4430 2007 4496 certa,
2030 4429 2064 4482 et
2085 4436 2162 4500 pro·
2238 4491 2245 4507 ·

1162 4509 1280 4571 -missa
1300 4518 1438 4591 propter
1459 4507 1689 4571 dlediatorem.
1728 4508 1817 4571 idern
1841 4517 1893 4570 est
1914 4507 2015 4592 igitur
2038 4505 2162 4585 dicere,

1176 4591 1257 4659 Fide
1288 4592 1523 4671 instituamur,
1558 4595 1636 4677 quia
1659 4593 1913 4676 promissionem
1943 4591 2024 4657 Fido
2052 4590 2162 4675 accipi

1176 4692 1321 4764 oportet,
1345 4691 1377 4743 et
1399 4681 1428 4743 ei
1452 4681 1628 4745 credentes
1651 4680 1895 4763 acquiescimus
1917 4679 1950 4742 in
1963 4674 2161 4756 illediatore,

1176 4779 1211 4832 et
1236 4767 1412 4831 statuimus
1434 4786 1497 4830 nos
1519 4780 1657 4851 propter
1684 4765 1789 4846 ipsius
1812 4765 2033 4830 obedientiam
2056 4765 2162 4849 recipi

125 4850 253 4916 ratam
279 4850 433 4936 plurimis
450 4852 764 4940 ·vocabulis‚squee
779 4856 986 4933 ostendunt,
1018 4853 1127 4940 qualis
1149 4876 1154 4931 ι
1177 4863 1210 4916 et
1243 4850 1389 4935 placere.
1434 4853 1510 4917 ideo
1535 4850 1659 4918 Paulus
1689 4851 1784 4918 Rom.
1807 4854 1839 4917 4.
1886 4851 1999 4917 Fidem
2022 4863 2055 4916 et
2079 4850 2160 4917 Pro·

123 4938 185 5003 -an
205 4953 324 5005 motus
344 4961 511 5006 mensus
539 4962 600 5025 per
614 4939 751 5007 rl'iliuai·
765 4956 851 5008 voce
871 4940 1064 5028 Evangelii,
1094 4954 1129 5007 et
1150 4952 1155 5043 ἰ
1177 4939 1368 5003 missionem
1387 4941 1573 5025 coniungit:
1596 4941 1673 5005 ideo
1697 4959 1736 5002 eu·
1761 4939 1826 5003 tide
1848 4939 1971 5023 gratis,
2006 4948 2042 5002 ut
2065 4934 2160 5001 tiruna

54 5100 71 5109 „
125 5025 366 5111 cronopium
386 5041 524 5094 aucto:
551 5027 649 5094 llicit
668 5019 893 5097 anirndiidem
908 5026 1014 5095 talem
1037 5049 1128 5109 ease,
1151 5023 1427 5099 tsitllromissiu
1472 5024 1515 5090 Et
1533 5048 1598 5093 nos
1621 5026 1744 5092 usitate
1766 5027 1905 5099 dicimus
1928 5025 2016 5089 hanc
2038 5044 2160 5110 propo·

126 5113 319 5200 φησι
340 5111 831 5205 fu'ghtgllemr,noa.-sranpt
844 5117 1017 5185 adamus
1037 5136 1128 5196 eum,
1151 5088 1342 5193 lasitiunam.
1357 5111 1446 5183 dide
1467 5114 1698 5211 iustificatum,
1714 5106 2075 5201 iutelligicarrelative
2089 5130 2160 5215 ,pro
