4628 5588
20 2260 23 2265 ·
160 2246 195 2303 et
215 2234 348 2302 dulcem
368 2237 576 2301 sententiam.
630 2246 760 2301 ortatur
782 2256 909 2309 ornnes.
930 2246 968 2300 ut
989 2235 1148 2299 adiuvent
1198 2233 1300 2299 modo
1317 2232 1485 2298 adversus
1507 2247 1726 2320 tyrannorum
1748 2236 1856 2302 minas
1879 2257 1943 2302 con

116 147 226 273 xen·
581 126 1442 220 subnascunsunrnnuouoanura
1462 90 1711 214 maninus
2116 87 2206 265 aa¹

153 341 354 421 doctrinam,
375 361 462 427 quae
483 350 536 407 est
557 341 631 406 sine
652 337 722 407 ulla
743 340 967 418 dubitatione,
1000 358 1144 405 consen·
1195 331 1468 403 rumol'liciorum
1478 334 1541 400 riri
1597 330 1677 400 litlcl
1688 332 1915 414 considerent,
1937 336 1994 423 qni
2007 330 2131 403 debent
2151 347 2188 404 et

151 433 242 499 tiens
274 428 440 493 sententia
461 425 657 495 Catholicae
683 425 859 493 Ecclesiae
881 423 1017 492 Christi.
1072 423 1143 491 Uti·
1194 433 1336 511 possnnt
1357 420 1547 488 Ecclesiam
1558 442 1683 488 iurare.
1728 420 1921 488 intueantur
1941 421 2183 515 posteritatem,

152 537 232 585 nam
264 517 375 579 bonae
406 527 537 579 mentes
569 514 795 592 considerent,
829 523 987 598 qnantum
1006 508 1144 591 referet,
1196 511 1250 575 cui
1271 520 1308 574 ut
1329 504 1580 595 Rempublicam
1591 509 1804 574 constitutam
1827 504 2016 594 relinquere
2038 510 2185 593 eupiunt,

152 623 223 673 non
245 620 323 667 esse
344 602 379 666 in
401 601 523 665 castris
539 599 684 665 hostium
707 595 893 678 Ecclesiae,
916 599 978 663 sed
999 617 1078 663 csse
1100 597 1145 663 ci·
1195 597 1241 662 ita
1262 592 1367 661 multo
1469 593 1497 658 ’s
1520 596 1643 660 dehent
1664 613 1780 659 veram
1802 591 1868 659 Dei
1889 594 2103 681 agnitionem,
2134 597 2185 663 ln·

153 709 233 758 vern
266 705 368 752 verae
389 682 566 752 Ecclesiae
587 683 724 764 Christi,
757 697 895 772 propter
926 705 1025 770 quam
1048 681 1144 748 Deus
1197 693 1388 765 coemptam
1420 682 1480 745 rci
1508 681 1634 759 onem,
1666 702 1786 767 purum
1819 679 2058 768 Evangelium,
2090 693 2186 749 recte

152 776 368 843 innotescere
400 769 518 852 voluit,
551 783 691 860 propter
724 792 825 858 quam
852 773 963 837 omniu
984 770 1146 848 condidit,
1196 769 1398 834 constitutas
1420 765 1492 832 Ecc
1506 768 1597 832 esias
1630 769 1782 846 tradere,
1815 768 1903 832 siout
1932 766 2062 834 Paulus
2094 770 2188 835 iubet

153 882 255 949 quam
276 855 352 923 Filii
385 859 550 944 sangdne
582 855 821 938 sanctificavit,
842 857 876 922 in
922 878 965 922 ua
986 852 1151 942 patefecit·
1195 851 1404 919 Timotheum
1416 849 1556 918 fideliter
1568 855 1739 919 custodire
1750 854 1949 941 depositum,
1971 866 2007 921 ut
2017 854 2188 943 integram

153 964 194 1012 se
216 940 467 1012 admirabilibus
489 946 648 1030 operibus
668 954 882 1029 perpetres,
942 948 1001 1021 od,
1034 941 1144 1007 Abre-
1196 952 1231 1006 et
1251 939 1545 1005 incontaminatum
1566 940 1609 1004 ad
1627 951 1785 1027 posteros
1830 941 1990 1007 erreniat.
2034 940 2108 1008 llac
2125 962 2182 1010 cu·
2252 955 2268 982 b

153 1033 253 1109 ham,
280 1027 419 1114 loseph,
440 1028 592 1111 llloisen,
612 1028 795 1107 Davidem,
816 1027 942 1109 Eliarn,
962 1026 1144 1105 Elisaeum,
1196 1047 1235 1091 ra
1255 1045 1396 1110 prorsus
1418 1023 1500 1091 nihil
1521 1025 1619 1092 adiici
1641 1027 1793 1093 videmus
1806 962 2012 1106 l'ontih'ces,
2044 1025 2185 1095 Eisce-
2299 1064 2305 1069 ·

154 1114 361 1204 Apostolos,
395 1128 428 1183 et
459 1115 590 1202 reliqua
622 1113 747 1180 lumina
767 1113 956 1195 Ecclesiae,
990 1115 1145 1199 denique,
1196 1107 1488 1197 pos,Canonicos,
1509 1112 1552 1177 de
1574 1113 1957 1200 opibussuisdimicant,
1978 1133 2045 1179 non
2069 1051 2111 1180 de
2127 1116 2186 1180 do·

75 1220 78 1224 ·
155 1224 244 1292 quae
275 1202 415 1268 habebit
436 1203 538 1269 ritem
566 1212 600 1268 et
629 1200 771 1291 gloriam
799 1214 987 1281 aeternam,
1016 1198 1145 1265 fruetur
1197 1200 1330 1264 ctrina..
1357 1195 1450 1286 Ergo
1472 1194 1527 1263 alii
1548 1199 1582 1266 in
1604 1196 1743 1277 scholis,
1774 1199 1808 1266 in
1841 1201 2086 1288 gubernatione
2106 1201 2186 1268 cirl-
2235 1234 2244 1247 =

156 1289 359 1358 commercio
381 1286 446 1352 Dei
467 1299 501 1354 et
522 1288 653 1374 piorum
674 1285 892 1373 Angelorum.
916 1286 1051 1361 Quanta
1073 1282 1145 1372 glo·
1196 1297 1313 1363 tatum,
1347 1283 1533 1369 suscipiant
1563 1283 1652 1350 hanc
1685 1305 1809 1353 curam.
1875 1286 1948 1352 lloc
1979 1286 2191 1354 sacrificium·

155 1377 208 1442 ria
229 1386 264 1441 et
285 1374 455 1440 beatitudo
477 1384 543 1454 est,
575 1375 673 1440 huius
695 1388 812 1439 coetus
834 1374 961 1440 socium
983 1392 1078 1451 asse,
1109 1373 1144 1437 in
1194 1372 1376 1458 praecipue
1397 1369 1491 1435 Deus
1513 1373 1557 1437 ab
1581 1373 1735 1438 omnibus
1755 1368 1917 1457 postulat,
1950 1373 2040 1439 sicut
2061 1371 2182 1440 Petras
2299 1442 2302 1447 .

154 1460 224 1528 hoo
244 1460 377 1546 agmine
406 1462 572 1546 conspici,
605 1463 696 1547 quod
729 1461 818 1526 ducit
849 1458 1023 1538 Christus,
1055 1459 1144 1544 quod
1195 1457 1314 1562 inquit,
1340 1466 1481 1523 vocatos
1503 1477 1568 1522 nos
1591 1477 1680 1537 esse,
1701 1469 1739 1523 ut
1760 1456 1972 1525 celebremus
1993 1457 2058 1525 Dei
2082 1463 2182 1528 bene

156 1543 400 1614 circumvolant
421 1546 465 1630 pii
486 1544 611 1633 angeli,
633 1546 666 1611 in
689 1567 756 1632 quo
785 1547 940 1612 incedunt
962 1545 1144 1631 principes,
1196 1542 1318 1609 ficium.
1363 1542 1425 1607 llic
1456 1546 1656 1629 praecipuus
1681 1544 1757 1610 fiais
1789 1546 1933 1611 omnium
1967 1543 2183 1615 consiliorum

155 1633 279 1712 Adam,
300 1631 387 1711 Noe,
408 1631 592 1713 Abraham,
613 1631 755 1713 Moises,
777 1629 883 1713 Elias,
906 1645 940 1697 et
956 1629 1075 1718 reliqui
1097 1631 1145 1695 vi·
1196 1640 1298 1715 atque
1319 1628 1487 1695 actionum
1510 1631 1716 1715 sapientibus
1737 1634 1933 1780 propositus
1966 1652 2045 1698 esse
2067 1634 2180 1715 debet,

156 1719 395 1805 riiusignihus
416 1718 558 1801 praediti
579 1717 698 1784 donis?
719 1717 755 1784 ln
773 1717 841 1784 hoc
856 1719 1062 1806 agnrineiam
1075 1735 1146 1780 cer·
1197 1727 1235 1780 ut
1256 1727 1376 1782 ornent
1396 1711 1537 1804 gloriam
1560 1715 1694 1782 Christi.
1770 1737 1807 1782 ro
1839 1715 1906 1783 hoc
1928 1713 2040 1784 officio
2062 1720 2095 1784 in
2123 1740 2186 1792 en·

156 1817 227 1873 tum
248 1818 345 1871 tenes
367 1799 489 1884 locunn,
513 1807 551 1870 'el
572 1824 640 1871 non
662 1806 820 1885 miurus,
851 1803 1146 1891 noncomprohas
1197 1805 1243 1866 tia
1265 1801 1414 1887 praemia
1434 1797 1613 1885 pollicetar
1634 1804 1668 1871 in
1689 1799 1756 1869 hoc
1772 1799 1941 1873 versiculo
1952 1801 2065 1877 Densa
2117 1805 2184 1871 eati

141 1890 303 1959 'hostium
325 1887 502 1965 Ecclesiae
523 1890 722 1977 impietatem
740 1902 776 1956 et
798 1889 1051 1968 crudelitatem,
1084 1887 1147 1953 sed
1198 1901 1308 1968 erunt,
1338 1889 1395 1974 qui
1416 1885 1556 1976 diligent
1576 1885 1775 1958 Ecclesiam.
1826 1886 2078 1973 Dekmioe‘em,
2109 1911 2187 1959 suo·

158 1998 272 2046 rerem
294 1976 481 2043 doctrinam
502 1975 726 2064 amplecteris,
748 1976 932 2058 confiteris,
954 1989 987 2041 et
1002 1975 1147 2061 piismo·
1199 1994 1331 2053 cessus,
1353 1987 1387 2040 et
1408 1970 1550 2041 salutem
1570 1989 1766 2061 perpetuam
1787 1978 1947 2061 promittit
1967 1975 2032 2060 his,
2053 1979 2110 2066 qui
2127 1998 2185 2046 ve-

159 2065 253 2131 ribus
275 2082 388 2129 ornas.
432 2060 590 2130 Pselmus
612 2065 733 2148 inquit=
767 2062 898 2150 Rogate
920 2082 1037 2148 pacem
1058 2060 1147 2125 leru-
1198 2082 1270 2126 ram
1303 2057 1490 2126 Ecclesiam
1521 2073 1644 2128 amant.
1698 2061 1773 2128 Hac
1805 2083 1890 2129 voce
1920 2065 1967 2150 pii
1998 2067 2187 2131 exuscitent

159 2147 277 2219 saleru
320 2149 416 2227 Beati
437 2160 567 2231 erunt·
604 2151 637 2217 ui
659 2147 801 2237 diligunt
823 2170 909 2218 earn.
954 2149 1148 2213 Osuavem
1199 2148 1329 2217 animos
1360 2147 1405 2217 ed
1432 2166 1548 2215 curam
1578 2150 1750 2219 ornandae
1771 2147 1968 2301 Eccledaeq
1990 2170 2186 2306 seque-ng

1969 2256 2040 2302 rnre

161 2322 250 2389 omni
274 2340 396 2409 genere
418 2321 521 2391 officii
543 2318 743 2402 Ecclesiam,
774 2334 812 2389 ut
834 2323 1006 2389 doctrinae
1024 2322 1148 2407 purita-
1200 2320 1300 2385 etiam
1322 2330 1440 2385 contra
1461 2317 1685 2405 sophisticam
1701 2320 1837 2395 illorum
1856 2246 2101 2411 muniant,l1lli
2122 2320 2185 2391 lel-

160 2417 227 2493 tem
249 2419 283 2472 et
299 2427 502 2475 consensum
523 2418 690 2489 tueantur,
722 2417 760 2474 nt
791 2408 990 2475 doctoribus
1012 2403 1151 2487 benel'af
1198 2424 1240 2470 so
1263 2404 1469 2492 antiquitatis
1489 2403 1707 2474 etEcclesiee
1726 2408 1916 2476 testimonia
1937 2408 2183 2502 dogmatnmad

160 2492 261 2573 ciant,
276 2504 315 2559 ut
335 2495 494 2578 precibus
516 2505 550 2559 et
571 2495 661 2562 votis
682 2492 759 2561 Deo
780 2515 988 2562 communem
1005 2489 1149 2558 salutern
1201 2491 1431 2558 defensionem
1451 2492 1625 2578 implorum
1647 2495 1761 2574 citant,
1792 2496 1837 2560 ed
1870 2516 1956 2585 quoe
1986 2492 2185 2583 Mutuum·

160 2578 406 2660 commendent,
423 2591 464 2648 nt
483 2579 604 2667 impios
625 2580 797 2661 doctores,
815 2593 856 2651 ut
872 2581 1051 2669 Tyrannus
1072 2578 1151 2645 inde
1200 2575 1354 2653 nonnihil
1368 2578 1543 2661 insiliisse
1563 2582 1736 2655 studiosos
1756 2578 1860 2649 volui.

159 2678 309 2734 uocant
341 2664 431 2753 (lpto
442 2666 742 2748 nutemexanlmo,
759 2677 797 2735 nt
808 2667 1068 2756 magnitudinem
1088 2663 1150 2729 ho·

304 5178 469 5262 ΔΙΙΙΛΙἸΙ.
483 5218 567 5263 (lm.
579 5218 644 5265 VO&
658 5218 732 5263 ml.
