4628 5588
82 274 88 279 ἱ
164 162 250 243 rra
475 204 478 210 ‚
790 174 910 243 rmn-
929 148 1032 245 nn.
1055 176 1243 266 semera
1266 177 1547 246 ormuanca.
1650 128 1656 155 ⁴
1850 202 1856 214 ·
2119 187 2186 252 rra
2258 192 2262 198 ¹

54 380 64 395 “
147 341 368 446 consoletur,
402 377 451 470 et·
470 367 520 433 sie
553 324 633 473 agat
660 368 798 458 granas.
842 365 935 434 llaec
957 369 1067 435 omnia
1111 390 1147 433 n·
1363 373 1586 488 Regpongjo
1618 377 1673 461 ad
1688 377 1813 462 ὤρη
1843 377 2021 465 pamm·
2063 420 2065 425 Α

160 466 263 538 gnant
292 473 368 521 eum
390 466 519 518 ratione
542 474 654 539 operm
676 453 820 538 operatir
852 451 945 540 Ergo
973 474 1036 519 nec
1057 478 1071 518 ε
1091 479 1146 536 pa·
1250 530 1252 534 Ι
1442 492 1445 497 ,

158 540 290 628 made
313 560 392 606 esse
414 547 526 625 porest
548 561 590 604 ex
611 560 716 624 opere
737 550 888 626 operato.
910 537 1023 614 Quare
1034 542 1147 605 etiam·
1905 616 1911 630 ι

159 628 188 692 si
212 624 389 713 applicatio
411 624 652 704 detraheretur,
671 638 781 690 tamen
798 647 866 693 non
888 636 1003 690 essent
1024 623 1146 692 iacien-
1282 624 1334 689 Ex
1355 623 1408 688 his
1431 646 1516 711 quae
1539 627 1699 705 diximus,
1731 624 1916 695 iacilis'est
1937 635 2115 717 responsio
2137 637 2182 702 de

160 716 223 784 dae
244 714 382 795 Missae,
417 727 577 801 murorum
603 712 636 776 id
670 732 753 799 opus
777 713 820 779 sit
843 713 1025 801 gratiarum
1046 712 1144 778 actio·
1168 654 1175 783 l
1197 710 1294 777 dictis
1317 709 1463 790 Petrum,
1486 713 1541 797 qui
1561 712 1703 779 Missam
1726 726 1849 779 vocant
1869 715 2080 784 sacrificinm.
2110 720 2182 786 Fri-

51 856 57 867 ,
159 800 237 889 Nou
265 800 367 890 igitur
384 797 512 865 Missae
545 818 737 865 connnuues
772 798 919 863 ordinari
941 810 998 864 aut
1020 799 1146 864 institui
1192 817 1284 864 mum
1306 798 1391 860 enim
1414 818 1481 862 non
1503 810 1617 882 potest
1638 799 1909 879 ostendi,'Patres
1930 802 1998 868 hoc
2019 801 2181 886 voluisse,

160 900 314 973 possunt,
336 896 493 975 tanquam
516 884 697 972 gratiarum
719 885 886 963 actiones,
909 884 971 949 sed
992 894 1146 950 servetur
1197 882 1286 969 quod
1310 883 1417 947 Missa
1448 884 1492 947 sit
1513 883 1713 950 sacrificium
1737 906 1779 950 ex
1800 907 1904 970 opere
1924 903 2066 975 operato
2087 892 2181 959 adfe-

58 1006 64 1019 x
160 974 343 1041 institutum
356 969 493 1049 Christi,
514 973 558 1037 sit
576 971 724 1036 minister
745 971 935 1056 porrigens,
958 981 991 1035 et
1012 982 1146 1037 utantur
1195 988 1275 1033 rens
1299 969 1529 1034 remissionem
1551 984 1767 1054 peccatorum
1790 985 1822 1038 et
1841 971 2071 1060 applicandam
2092 975 2181 1046 aliis.

123 1063 128 1083 ‘
158 1056 214 1129 alit
242 1058 460 1126 Sacrarnento
472 1103 483 1137 ,
523 1078 585 1161 pro
616 1078 681 1123 sua
715 1053 956 1125 consolatione.
1010 1055 1047 1122 ln
1081 1055 1146 1121 hac
1197 1053 1261 1127 Qui
1282 1055 1333 1119 sie
1355 1054 1613 1141 interpretantur
1632 1057 1774 1138 Patres,
1797 1061 1947 1126 iniuriam
1958 1058 2025 1127 iilis
2036 1060 2181 1130 iaciuntt

159 1145 425 1224 manducatione,
450 1143 741 1232 gratiarumactio
764 1140 988 1209 etconiessio
1012 1143 1145 1231 agentis
1178 1140 1281 1213 ,Nam
1314 1139 1400 1206 haec
1432 1153 1588 1228 portenta
1614 1163 1754 1248 proram
1783 1147 1899 1232 ignota
1920 1144 2054 1215 fueram
2075 1153 2183 1217 veteri

158 1231 406 1321 poenitentiam,
439 1244 470 1294 et
502 1249 541 1296 se
564 1227 791 1308 consolantis,
813 1227 851 1293 fit
873 1227 1073 1295 sacrificium
1096 1226 1143 1293 ai·
1194 1224 1389 1304 Ecclesiae,
1422 1229 1488 1292 imo
1520 1249 1564 1293 ne
1585 1225 1648 1296 iurt
1675 1231 1807 1315 quidem
1828 1235 2001 1329 usquead
2031 1245 2184 1322 tempore
2284 1310 2289 1317 ,

157 1316 343 1407 gnominis,
362 1318 437 1402 ipsa
459 1317 649 1383 caernonia
668 1314 1144 1400 persenonestsaorilicium,
1196 1312 1351 1399 Gregorii
1383 1312 1490 1379 Missa
1522 1315 1595 1379 sine
1636 1313 1875 1383 Cornmunione
1914 1316 2073 1404 plurium,
2119 1324 2182 1389 sed

159 1426 222 1472 ,ιω
243 1403 516 1493 pmpjtigtmtum,
539 1421 602 1467 neo
623 1400 839 1489 simmae.
1194 1398 1382 1465 habebatur
1401 1401 1536 1465 statutis
1559 1402 1675 1467 diebos
1699 1423 1765 1468 una
1786 1407 1969 1480 communis
1991 1426 2097 1472 coena
2119 1429 2184 1474 seu

373 1542 376 1550 Δ
1194 1487 1394 1563 communio,
1415 1489 1471 1551 uhi
1492 1484 1597 1566 multi,
1608 1499 1771 1575 quotquot
1782 1487 1950 1569 volebant,
1962 1491 2061 1558 simul
2071 1513 2183 1561 sume·

245 1573 301 1659 Ad
322 1575 522 1641 sententiam
549 1571 723 1660 Epistolae
756 1575 799 1638 ad
822 1569 993 1652 Ebmeos,
1027 1573 1145 1639 Omnis
1196 1573 1275 1636 bant
1294 1592 1417 1656 corpus
1445 1583 1478 1636 et
1499 1575 1694 1660 sanguinem
1717 1574 1861 1641 Domini.
1894 1576 2184 1651 Quemadmodum

156 1659 316 1729 Pontifex
339 1675 403 1727 etc.
427 1661 633 1745 respondeo:
668 1659 744 1744 lpse
766 1673 864 1726 autor
885 1656 1057 1747 Epistoiae
1078 1658 1144 1727 hoc
1194 1678 1239 1723 ne
1259 1656 1358 1723 hodie
1379 1660 1512 1745 quidem
1529 1660 1563 1724 in
1586 1659 1727 1726 Graecis
1744 1659 1905 1729 Ecclesiis
1926 1664 2009 1729 liunt
2030 1666 2185 1748 privatae

144 1751 283 1817 dictum
305 1749 537 1815 accommodat
559 1747 744 1813 adonicum
757 1745 952 1814 l’ontiflcem
964 1744 1144 1825 Christum,
1166 1796 1171 1861 Ι
1193 1744 1320 1810 Missae
1352 1743 1560 1832 singulorum
1594 1750 1817 1828 sacerdotum,
1852 1751 1915 1814 sed
1948 1751 2047 1818 unico
2070 1751 2182 1819 Missa

158 1836 433 1927 queamdmodum
467 1836 570 1900 verba
603 1853 689 1939 quae
717 1854 793 1898 mox
813 1843 1027 1922 sequuntur,
1061 1832 1145 1896 setis
1195 1831 1390 1896 eommunis.
1433 1832 1506 1896 Nec
1527 1829 1626 1899 laturi
1649 1846 1745 1899 erant
1770 1833 1887 1901 Patres
1909 1837 2007 1902 istam
2027 1838 2180 1923 impieta·

48 1935 51 1940 '
159 1922 358 2000 ostendunt,
392 1930 425 1986 et
458 1931 529 1985 tota
560 1917 713 2005 Epistola
736 1920 787 2000 ¹de
821 1919 1012 1985 sacerdotio
1046 1920 1144 1985 unius
1194 1929 1262 1981 tem
1295 1930 1330 1982 et
1363 1917 1662 2004 prophanationem
1695 1922 1929 1987 sanctissimae
1955 1926 2179 1990 ceremoniae.

160 2006 333 2075 Pontificis
355 2005 482 2073 Christi
516 2009 746 2072 concionatur.
798 2004 834 2069 Si
868 2006 943 2093 quis
973 2004 1073 2090 igitur
1101 2024 1146 2071 ex
1166 2028 1172 2135 p
1194 2004 1319 2069 Postea
1341 2003 1472 2070 inscitia
1493 2015 1527 2069 et
1547 2007 1786 2090 superstitione
1807 2008 2018 2073 indoctorum
2041 2009 2179 2075 Pontid-

159 2094 226 2162 hoc
259 2094 349 2160 dicto
382 2105 643 2178 argumentatur,
678 2104 833 2176 oportere
862 2092 896 2157 in
919 2112 1008 2157 novo
1030 2089 1145 2157 'lesta-
1195 2110 1271 2156 cum
1293 2088 1578 2156 etMonachorum
1600 2093 1808 2158 introductae
1830 2105 1908 2159 sunt
1928 2094 2079 2179 privatae
2098 2094 2181 2162 iilis·

35 2217 38 2220 <
159 2192 270 2247 memo
305 2199 383 2252 esse
406 2179 619 2259 Pontificem,
652 2180 708 2264 qui
741 2176 858 2243 offerat
890 2176 1057 2244 sacrificia
1083 2198 1144 2264 pro
1194 2196 1270 2256 sae,
1289 2177 1345 2265 qui
1367 2196 1409 2240 ex
1430 2175 1518 2243 male
1545 2176 1716 2244 intellecto
1738 2177 1905 2245 voeaeuio
1927 2180 2095 2262 sacriiirh,
2119 2180 2182 2255 iin-

183 2267 320 2346 eccetis,
342 2265 593 2333 concedendum
612 2277 664 2330 est
685 2277 917 2350 argumentum
940 2265 982 2329 de
995 2261 1145 2344 Christo,
1167 2330 1172 2360 Ι
1194 2274 1313 2328 xerunt
1333 2260 1482 2328 Missam·
1494 2282 1573 2330 esse
1594 2263 1662 2330 tale
1684 2287 1789 2350 opus,
1817 2264 1908 2353 qudd
1941 2278 2106 2334 mereatur
2127 2287 2181 2334 re·

160 2290 202 2421 le
224 2374 290 2440 quo
316 2348 390 2418 solo
412 2349 559 2437 loquitur
580 2348 731 2436 Epistola
753 2350 797 2414 ad
819 2347 982 2415 Ebraeos.
1194 2349 1386 2414 missionem
1410 2346 1529 2434 cnlpae
1551 2363 1584 2415 et
1603 2371 1747 2437 poenae,
1771 2363 1804 2416 et
1820 2363 2072 2418 attexuernnto
2097 2354 2181 2420 inio-

1194 2454 1271 2499 nem
1303 2435 1346 2498 de
1374 2454 1477 2520 opere
1500 2449 1649 2521 operato.
1695 2437 1786 2505 llaec
1808 2440 1918 2524 opinio
1941 2441 2032 2504 auxit
2088 2441 2181 2505 issae

247 2520 344 2591 Solet
358 2523 465 2589 'etiam
489 2523 583 2588 citari
605 2519 702 2589 locus
719 2517 907 2588 Malachiae
925 2525 948 2589 i.
992 2519 1047 2587 An
1069 2533 1143 2588 orto
1193 2520 1228 2584 in
1242 2520 1434 2585 -iniinitumr
1457 2534 1490 2586 et
1512 2524 1589 2606 qnia
1609 2535 1682 2588 erat
1704 2543 1760 2588 res
1782 2525 1826 2589 ed
1847 2523 2007 2612 populum
2028 2526 2181 2592 vendibi-

122 2669 125 2674 ,
159 2609 243 2678 solis
266 2610 436 2697 usquead
459 2629 628 2695 opcasum,
738 2629 804 2672 mm
826 2620 878 2673 est
899 2627 1022 2673 nomen
1038 2627 1146 2675 meum
1167 2620 1173 2685 t
1193 2603 1248 2686 lis,
1272 2608 1382 2692 coepit
1402 2610 1556 2693 prostitui
1573 2609 1616 2674 ad
1639 2620 1826 2696 quaesterit.

158 2698 382 2787 ingentibus.
427 2693 487 2780 Et,
521 2697 554 2763 in
588 2628 787 2761 omnlfllhco
814 2694 986 2760 hicensum
1007 2692 1173 2761 oliertur¹

128 2783 282 2852 homini
315 2802 403 2859 nreo,
437 2793 470 2847 et
503 2778 628 2848 ohlatio
663 2780 793 2846 munda.
844 2778 915 2846 Etsi
948 2791 1058 2849 autem
1090 2781 1145 2846 hic
1279 2775 1365 2843 ¹(lum
1386 2798 1471 2868 ergo
1492 2778 1619 2845 Patres·
1627 2778 1766 2846 Missam
1788 2800 1850 2848 see
1871 2800 2081 2848 communem
2103 2803 2181 2849 coe·

162 2869 259 2939 lecus
282 2866 449 2935 violenter
472 2870 689 2957 detorquetur
710 2869 753 2933 ed
772 2865 929 2945 Missam,
962 2877 1071 2933 tanen
1094 2889 1164 2933 re·-
1195 2885 1272 2931 nam
1282 2862 1417 2931 Domini
1439 2871 1803 2946 tuttuncserrabatur)
1824 2881 1947 2934 vocant
1964 2868 2178 2948 sacrificium,

158 2957 322 3046 spondeo,
333 2954 495 3023 Primum:
517 2952 562 3020 Ut
584 2955 724 3022 maxime
744 2951 831 3019 haec
853 2951 1146 3040 sententialoque·
1195 2972 1237 3016 ex
1258 2951 1407 3036 ipsomm
1429 2954 1541 3019 verbis
1564 2949 1664 3019 facile
1685 2954 1809 3040 poterit
1829 2956 1980 3035 iudicari,
2002 2974 2064 3022 eos
2085 2955 2181 3045 loqui

129 3058 249 3110 ‘retur
273 3044 314 3107 de
335 3041 460 3120 Missa,
490 3052 599 3107 tamen
633 3041 711 3105 inde
743 3059 953 3127 nequequam
979 3041 1146 3127 sequitur,
1195 3059 1262 3103 non
1295 3037 1339 3102 de
1356 3036 1545 3105 *oblatione
1576 3051 1608 3105 et
1640 3039 1863 3126 applicatione
1895 3043 2022 3128 operis,
2046 3045 2115 3121 ¹sed
2136 3043 2181 3108 de

161 3131 251 3217 quod
272 3126 381 3195 Missa
399 3141 566 3194 mereatur·
589 3127 820 3193 remissionem
841 3137 1066 3210 peccatorum,
1088 3137 1146 3196 aut
1219 3125 1377 3189 retiarum
1394 3127 1527 3191 actione
1538 3146 1598 3192 seu
1620 3129 1779 3195 memoria
1801 3127 1958 3194 sacriiioii
1979 3146 2042 3194 sen
2063 3129 2179 3194 mortis

158 3218 201 3283 sit
225 3227 310 3300 opus
333 3233 519 3289 commune,
541 3214 591 3280 sie
612 3208 811 3291 faciendum,
829 3223 1144 3298 tanquamceremo·
1195 3147 1331 3276 {bristi
1376 3211 1432 3277 Sic
1455 3213 1500 3277 eit
1522 3210 1786 3301 Chrysostomus
1807 3215 1841 3278 in
1862 3215 1971 3300 capite
1992 3234 2083 3281 nono
2101 3213 2179 3279 Ei-

158 3303 213 3367 tria
246 3303 290 3367 sit
319 3320 441 3385 perse
463 3300 645 3388 gratiarum
666 3298 766 3364 actio.
811 3298 986 3366 Secundo:
1031 3297 1146 3365 Verba
1167 3281 1173 3333 Ι
1195 3293 1302 3361 stolae
1324 3298 1368 3361 ad
1390 3296 1559 3376 Ehraeos,
1592 3321 1667 3364 cunr
1690 3301 1830 3366 dixisset
1856 3320 1919 3365 nos
1943 3321 2004 3383 per
2026 3302 2102 3387 sing
2139 3321 2179 3365 os
2262 3346 2264 3351 -

19 3379 22 3385 ’
56 3425 60 3432 =
149 3387 347 3474 ⁴Prophetae
380 3387 560 3453 ostendunt
591 3407 665 3452 enm
698 3382 791 3473 loqui
824 3384 866 3450 de
897 3384 1145 3471 praedicatione
1196 3383 1267 3448 dies
1291 3381 1412 3449 offerre
1434 3403 1566 3470 semper
1587 3388 1619 3449 id
1642 3388 1766 3470 ipsum:
1800 3382 1874 3452 lloc
1895 3386 1987 3472 quod
2010 3407 2075 3452 nos
2098 3383 2180 3451 faci·

159 3472 331 3561 Evangelii
366 3484 399 3540 et
432 3474 523 3539 veris
547 3469 693 3540 cultibus
716 3472 795 3536 novi
816 3469 1035 3549 Testamenti,
1053 3492 1145 3537 ,cum
1168 3442 1172 3535 l
1195 3488 1281 3547 mus,
1304 3471 1337 3534 in
1360 3473 1704 3538 commemorationem
1735 3473 1866 3558 quidem
1899 3474 1971 3538 eius
2003 3472 2058 3552 iit,
2089 3473 2180 3559 qnod

159 3563 275 3647 iuquit,
296 3581 417 3624 nomen
438 3557 501 3624 Dei
525 3579 678 3645 magnum
702 3555 775 3622 sore
797 3560 831 3620 in
854 3558 1022 3661 gentibus,
1043 3557 1145 3647 signi·
1168 3543 1172 3625 l
1195 3554 1300 3620 semel
1334 3552 1457 3621 iactum
1491 3569 1560 3637 est,
1594 3578 1661 3623 non
1694 3557 1783 3623 aliud
1817 3557 2029 3636 sacrificium,
2061 3561 2123 3624 sed
2145 3559 2180 3623 id
2228 3634 2235 3650 .

19 3646 24 3655 '
84 3674 92 3700 r
158 3649 238 3712 licat
259 3644 480 3732 Evangelium
512 3645 736 3731 spargendum
759 3663 836 3709 esse
858 3664 891 3707 rn
914 3654 1051 3728 gentes,
1084 3663 1145 3728 per
1168 3636 1172 3706 l
1195 3644 1303 3728 ipsum
1325 3662 1458 3727 semper
1478 3641 1630 3724 sacimas,
1653 3647 1760 3730 magis
1783 3655 1894 3709 antem
1911 3646 2181 3711 recordationem

158 3734 247 3820 quod
281 3735 469 3797 innoteseat
498 3743 532 3797 et
553 3729 759 3818 §adficerer
780 3728 886 3794 Dens.
931 3729 1024 3794 liaeo
1049 3750 1144 3815 prae·
1167 3710 1172 3804 l
1196 3726 1349 3793 sacrificii
1372 3748 1578 3796 exercemus.
1623 3730 1664 3795 Et
1686 3731 1896 3817 Augustinus
1916 3729 1974 3796 iit.
1999 3731 2050 3796 itt.
2069 3732 2113 3796 de
2133 3732 2180 3796 ci·

160 3821 284 3886 dicatio
305 3816 480 3906 Evangelii
513 3820 558 3882 de
591 3817 815 3897 nrisericomlia
838 3813 903 3880 Dei
936 3817 1021 3902 parit
1044 3816 1144 3880 iidem
1196 3818 1298 3880 vitate
1326 3813 1391 3879 Dei
1414 3837 1484 3901 cap.
1515 3816 1546 3880 5.
1591 3817 1690 3892 Quod
1712 3820 1756 3882 ab
1780 3815 1967 3883 hominihus
1989 3814 2181 3903 appellatur

159 3905 192 3971 iri
215 3907 373 3970 cordibus
397 3925 526 3975 eorum.
561 3905 617 3989 qai
650 3903 817 3989 accipiunt
839 3901 1078 3989 Evangelium,
1110 3901 1144 3965 hi
1195 3899 1409 3980 sacrificinm,
1431 3903 1562 3989 signum
1584 3915 1637 3966 est
1659 3903 1730 3968 veri
1753 3903 1908 3969 sacrificii
1922 3915 1986 3968 etc.
2011 3904 2065 3968 Ad
2088 3902 2181 3968 hane

158 3990 333 4079 praestant
356 4010 457 4056 veros
482 3989 602 4068 cultus,
625 3992 681 4076 qui
704 4002 781 4054 sunt
803 3989 942 4072 primum
963 3990 1036 4073 ipsa
1049 3987 1144 4067 fides,
1195 3988 1328 4052 modum
1351 3985 1497 4073 loquitur
1511 4000 1552 4053 -et
1572 3987 1781 4054 Lomhardus
1803 3990 1837 4054 in
1859 3991 2049 4055 sententiis:
2093 3986 2180 4055 illud

103 4093 118 4149 ἒ
137 4096 140 4101 ·
160 4079 280 4144 deinde
300 4077 486 4156 invocatio,
510 4074 698 4154 consessio,
757 4076 905 4139 atiamm
927 4077 1033 4154 actio,
1066 4077 1144 4139 ohe·
1195 4074 1285 4161 quod
1308 4073 1446 4138 offertur
1468 4086 1500 4138 et
1523 4087 1784 4141 consecratore
1805 4077 2002 4156 secerdme,
2036 4086 2181 4142 vocatur
2208 4144 2211 4148 ,

158 4166 280 4229 dientia
300 4165 334 4230 in
356 4161 592 4230 afflictionibus
614 4174 678 4226 etc.
722 4098 771 4226 lla
793 4157 1002 4248 gloriiicatur
1023 4180 1145 4225 nomen
1194 4159 1395 4227 sacrificiunt
1416 4171 1451 4224 et
1469 4158 1605 4240 oblatio,
1638 4163 1716 4248 grtia
1737 4173 1790 4226 est
1810 4158 1970 4228 memoria
1993 4174 2027 4228 et
2044 4180 2179 4245 reprae-

157 4249 233 4316 Det.
277 4248 320 4314 Et
352 4249 437 4315 haec
471 4261 549 4315 sont
582 4246 707 4314 oblatio
741 4247 879 4325 menda,
912 4248 1038 4326 idest,
1072 4248 1145 4312 veri
1194 4246 1336 4311 sentatie
1369 4247 1440 4312 veri
1473 4247 1628 4314 sacrificii
1657 4261 1692 4313 et
1714 4260 1852 4315 mactae
1873 4247 2106 4314 immolationis
2128 4244 2180 4313 i'a·

83 4366 85 4371 ·
159 4333 269 4402 cultus
290 4337 347 4421 qui
370 4349 495 4402 tantum
517 4347 730 4420 praestanter
745 4337 788 4399 ab
811 4335 863 4412 iis,
885 4353 1026 4438 quonum
1039 4334 1143 4398 corda
1194 4343 1281 4412 ctae,
1303 4333 1337 4396 in
1358 4352 1417 4398 ara
1436 4334 1558 4401 enters.

157 4424 223 4488 iam
247 4442 328 4502 rere
348 4433 538 4508 agnoscunt
560 4420 687 4501 Deam,
711 4433 801 4486 recte
824 4430 970 4485 sentiunt
992 4421 1035 4484 de
1055 4417 1143 4496 Deo,
1381 4446 1389 4459 .

157 4529 241 4575 vera
262 4508 384 4574 iiducia
405 4509 560 4573 invocant
582 4521 647 4574 etc.
680 4506 751 4572 Hos
774 4505 886 4572 cultus
909 4504 1078 4592 significat
1095 4506 1143 4570 in-
1280 4501 1358 4570 Alle
1403 4516 1457 4571 tur
1489 4516 1520 4570 et
1548 4502 1743 4571 Tertulliani
1775 4506 1944 4593 quoddam
1976 4506 2102 4571 meten
2134 4525 2180 4571 ex
2261 4518 2268 4523 ·
2305 4508 2306 4512 ’

159 4614 296 4660 oensuet
330 4608 362 4658 et
395 4594 538 4673 oblatio,
572 4616 640 4660 non
667 4592 834 4683 significat
855 4593 1080 4657 ceremoniam
1101 4612 1144 4658 ex
1188 4582 1281 4656 lihro
1302 4592 1346 4657 de
1409 4611 1490 4654 rena
1511 4590 1634 4672 militis,
1657 4593 1702 4656 ihi
1723 4593 1842 4679 inquit:
1864 4592 1970 4658 Etiam
1987 4589 2178 4657 oblationes

159 4701 262 4766 opere
293 4693 433 4765 operato
461 4681 534 4744 sine
560 4679 626 4793 fide
657 4693 691 4747 et
723 4681 839 4746 notitia
860 4674 935 4742 Dei.
978 4679 1144 4756 Breviter,
1194 4684 1256 4828 llo
1289 4674 1475 4781 defunctis,
1500 4699 1561 4762 pro
1595 4675 1750 4768 natalitiis
1783 4700 1894 4786 annua
1936 4679 1991 4743 die
2022 4674 2178 4744 lammae.

160 4760 1010 4920 ttttttfft‘tt‘siittts'ititt
1025 4766 1143 4916 ‘¹⁰23'
1193 4761 1499 4914 ,titteris
1519 4764 1954 4937 tit‘tttthtiiltt
1973 4761 2177 4917 iiiiii?

159 4874 264 5007 hlltari
286 4875 448 5004 dblatitlem
466 4958 528 5003 seu
549 4937 761 5026 applicationi
780 4872 1143 5025 ophnsopemtiflpuae
1193 4956 1233 5001 se
1265 4933 1466 5001 oblationem
1499 4957 1561 5086 pao
1583 4939 1741 5018 mortuis,
1773 4956 1861 5024 qnae
1891 4939 2033 5004 redimat
2065 4956 2127 5002 eos
2155 4957 2176 5002 a

158 5022 268 5111 palam
289 5036 343 5090 est
364 5023 558 5111 blasphema
579 5038 614 5094 et
630 5023 847 5093 idololatrica.
1191 5023 1310 5108 wenis
1332 5032 1396 5088 eto.
1419 5028 1483 5088 uec
1527 5024 1558 5088 io
1573 5020 1723 5109 loquitur
1743 5026 1786 5089 de
1805 5013 1913 5090 caena
1934 5022 2086 5103 Domini,
2102 5023 2177 5088 sed

151 5160 156 5170 ,
1192 5110 1226 5175 in
1248 5110 1367 5176 diebus
1384 5107 1555 5176 natalibus·
1574 5121 1606 5175 et
1633 5106 1797 5189 lenem,
1820 5106 1976 5177 solebant
1996 5108 2109 5177 afferri
2129 5109 2176 5178 ei·
