4628 5588
127 124 198 197 ost
764 124 879 195 rum
899 124 1005 194 omn.
1027 123 1218 194 somma
1233 123 1513 233 bostrenus„
2085 127 2154 203 ost
2275 139 2289 179 ·

129 331 210 387 aaut
242 319 350 386 corda
379 319 557 387 dilectione
580 339 641 403 per
661 317 820 404 Spiritum
842 328 996 386 unctum
1023 317 1119 386 habi·
1168 318 1349 398 rationem,
1370 336 1458 405 quoe
1479 326 1598 383 monta
1619 327 1672 383 est
1688 314 1819 404 lapsum
1835 317 2015 403 primorum
2033 339 2153 406 paren·

130 417 257 474 tantem
277 407 312 473 iu
330 400 460 473 eorde'
1168 417 1249 485 tum,
1271 424 1359 493 quae
1379 424 1447 470 non
1468 415 1595 470 tuntum
1616 424 1727 493 poena
1743 417 1796 471 est
1819 408 1916 490 primi
1938 405 2069 511 lapsus,
2091 409 2154 474 sed

1169 493 1267 559 etium
1289 504 1472 578 peecatum.
1516 489 1667 557 iiiembra
1688 491 1785 557 buius
1808 492 2009 558 delinitionis
2031 493 2153 560 oouiir·

218 578 314 647 liaeo
335 580 425 646 bona
447 580 558 645 omnia
585 577 930 666 comprehenduntur,
955 598 1030 645 oum
1058 599 1117 644 no·
1168 593 1300 646 mantur
1332 578 1385 645 bis
1417 579 1634 645 testimoniisr
1677 580 1769 667 qnod
1798 580 1981 665 posteritas
2005 581 2060 646 sit
2093 601 2154 647 rea

131 667 277 736 minatur
309 666 433 732 iustitia
466 664 659 754 Originalis.
710 664 866 732 carentia
905 665 1005 753 igitur
1048 686 1116 730 non
1167 681 1305 753 propter
1327 664 1457 751 lapsum
1476 666 1656 751 primorum
1672 677 1858 752 parantum.
1894 665 1992 732 Rom.
2015 667 2048 730 5.
2072 668 2153 733 dioi-

130 764 259 822 tuntum
292 763 345 820 est
375 766 506 833 reatus,
538 753 601 818 sed
633 754 732 818 etiam
760 752 896 819 amissio
918 753 1116 840 integritatis
1168 764 1240 818 tur:
1278 753 1469 818 Paruulus
1498 750 1654 818 delictum
1683 755 1717 820 iu
1745 772 1862 819 omnes
1882 751 2038 819 homiues
2060 774 2153 820 mors

131 837 310 920 naturalis,
333 851 368 905 et
390 841 564 920 bonorum,
588 861 675 928 quae
693 836 835 905 fuissent
855 840 979 906 addita.
1023 838 1118 904 Siout
1168 841 1314 906 intravit.
1367 837 1499 904 Deinde
1532 840 1622 925 quod
1660 839 1853 927 depravatio
1882 851 2022 906 naturae
2054 836 2155 906 simul

132 930 255 996 usitate
275 923 456 1013 loquuntur
478 927 662 1011 scriptores
680 926 722 992 de
745 927 875 994 viatore
891 927 1023 1007 saucio,
1039 945 1117 1012 spo·
1169 946 1245 992 oum
1274 925 1332 993 iilo
1361 938 1459 992 reatu
1485 927 1687 1007 accesserit,
1719 947 1787 993 non
1815 937 1940 992 uatum
1968 938 2007 994 ut
2031 947 2154 1014 poena,

132 1013 249 1082 liatum
271 1033 350 1080 esse
372 1014 537 1100 gratuitis,
557 1015 592 1081 id
614 1024 677 1094 est,
696 1014 840 1079 desiisse
855 1011 943 1078 bomi
969 1034 1020 1079 em
1040 1032 1118 1078 esse
1169 1014 1351 1079 sedetiam
1378 1024 1416 1079 ut
1442 1022 1630 1098 peceatum,
1671 1014 1707 1080 id
1735 1025 1805 1093 est,
1839 1012 1984 1093 maium,
2015 1025 2155 1102 propter

133 1098 292 1187 templum
311 1097 395 1180 Dei,
428 1112 462 1165 et
489 1098 700 1167 vulneratum
730 1119 807 1166 esse
832 1100 867 1164 in
895 1121 939 1165 na
995 1097 1117 1179 aiibus,
1169 1102 1259 1186 quod
1293 1103 1392 1167 etium
1419 1100 1521 1165 homo
1550 1112 1602 1165 est
1631 1120 1709 1166 reus
1729 1111 1885 1167 aeternae
2001 1120 2058 1179 ae,
2088 1101 2155 1166 nisi

132 1190 168 1257 id
196 1200 266 1269 est,
299 1198 450 1253 secutam
476 1207 554 1253 esse
586 1182 763 1273 caliginem
803 1188 837 1252 in
871 1198 999 1267 mente,
1032 1206 1118 1273 quae
1169 1188 1214 1252 sit
1246 1186 1335 1253 faeta
1370 1188 1524 1253 remissio
1555 1198 1694 1272 propter
1724 1185 1854 1253 Filium.
1943 1206 1997 1252 am
2026 1185 2154 1253 Paulus

134 1275 242 1365 gignit
261 1271 439 1341 horribiles
462 1274 695 1354 dubitationes,
719 1287 753 1339 et
774 1284 923 1340 s‘eoutam
943 1293 1022 1340 esse
1038 1293 1118 1339 oon·
1170 1292 1332 1359 expresse
1353 1274 1502 1341 nominat
1527 1272 1619 1338 buno
1643 1275 1808 1351 morbum,
1836 1273 1964 1361 Legem
1992 1274 2027 1339 in
2052 1294 2155 1340 mero·

135 1362 313 1429 tumaoiant
334 1361 368 1425 in
396 1362 518 1440 corde,
551 1361 645 1440 item,
674 1359 819 1426 Mortem
845 1371 879 1426 et
904 1379 1020 1426 omnes
1044 1380 1118 1424 eor·
1169 1361 1252 1440 bris,
1274 1371 1319 1438 et,
1344 1383 1388 1427 ne
1415 1381 1526 1447 poena
1555 1370 1681 1425 tanturn
1710 1357 1926 1448 intelligatur,
1954 1359 2061 1425 addit:
2095 1382 2156 1444 pu·

134 1449 228 1537 poris
255 1444 555 1534 langneiootiones.
611 1447 685 1513 liae
716 1444 859 1532 simplici
892 1444 1117 1513 declaratione
1171 1461 1327 1535 gnantem
1352 1469 1428 1515 oum
1448 1446 1541 1534 Lege
1563 1447 1694 1512 mentis.
1738 1445 1781 1512 Et
1799 1468 1874 1512 oum
1896 1446 2033 1512 dicituro
2062 1445 2156 1513 Eoos

136 1536 361 1616 considerata,
379 1533 602 1601 definitionem
614 1530 790 1600 Ansbelmi
809 1554 875 1599 non
889 1552 1120 1619 aspamamur,
1169 1538 1202 1600 in
1219 1535 1442 1622 iniquitatibus
1465 1546 1649 1620 conceptus
1671 1554 1757 1614 sum,
1778 1545 1812 1599 et
1829 1535 1862 1599 in
1873 1534 2022 1619 peccatis
2035 1553 2156 1599 conoe·

136 1621 198 1687 sed
219 1619 323 1701 multi,
345 1622 402 1707 qui
420 1623 634 1707 quaestiones
651 1622 684 1687 in
697 1621 957 1708 Langobartlum
975 1621 1120 1706 scripse·
1169 1619 1217 1708 pit
1235 1643 1287 1688 me
1309 1633 1416 1687 muter
1436 1641 1522 1700 mea,
1550 1617 1752 1689 vocobulum
1773 1621 1866 1707 prius
1888 1618 2057 1708 signifieat
2078 1641 2155 1706 pro·

64 1749 68 1757 ·
134 1718 227 1789 runt,
248 1719 469 1793 corruperunt
489 1728 564 1776 eam
585 1705 722 1775 insulsis
743 1706 1034 1793 explicationibus.
1170 1709 1242 1795 pris
1282 1709 1574 1796 depravationem,
1618 1703 1761 1775 alterum
1807 1706 1976 1796 signifieat
2020 1709 2156 1792 proprie
2250 1794 2258 1809 ο

1172 1806 1312 1862 reatum.
2025 1828 2030 1837 ·

88 1954 91 1959 ,
224 1879 387 1947 Existimo
409 1893 518 1948 autem
536 1880 760 1949 definitionem
771 1883 822 1948 sio
834 1881 988 1949 constitui
1005 1901 1121 1968 posse.
1860 1914 1866 1928 ·

137 1964 318 2035 Peooatum
346 1970 484 2056 originis
518 1981 571 2034 est
599 1980 710 2036 reatus
742 1981 882 2055 propter
903 1965 1034 2054 lapsum
1056 1969 1121 2054 pri·
1513 1966 1542 2034 F
1583 1966 1599 2033 l
1640 1967 1674 2036 tt
1716 1967 1731 2033 l
1774 1966 1813 2037 S·

137 2076 266 2122 morum
288 2068 473 2143 pareutum,
503 2068 641 2142 propter
662 2068 803 2124 naturae
819 2053 986 2123 humanae
1003 2057 1123 2144 depra-
