4628 5588
625 259 631 265 Ι
741 152 745 161 ·
783 151 898 235 rm.
920 149 1028 237 nnn
1048 153 1239 225 scalena
1255 155 1536 229 nonuaucn

570 395 574 402 .
667 347 780 413 Omnia
801 350 853 428 qni
872 348 983 421 cernis,
1006 348 1134 428 verique
1156 364 1193 409 es
1215 353 1332 431 amator
1354 355 1386 410 et
1403 350 1504 431 sequi,

753 434 875 499 Fallere
897 455 989 517 quem
1011 454 1071 495 non
1093 441 1144 496 est
1160 434 1256 497 ullius
1273 442 1338 498 arte
1354 435 1429 508 doli,

666 521 784 584 Unicus
809 524 960 595 innocuis,
982 522 1010 582 si
1034 522 1136 582 iustus
1160 542 1197 583 es
1219 522 1341 600 arbiter,
1363 523 1490 596 umbris,

753 608 850 669 Solus
869 616 900 669 et
921 608 1054 671 insontis
1070 609 1229 689 sanguinis
1251 607 1332 670 nitor
1352 609 1439 670 aries.

665 694 702 756 Si
724 702 777 759 tua
798 695 916 777 pacifici
935 715 1022 755 cruor
1043 695 1241 757 intemeratus
1264 693 1369 768 Abali,

752 781 842 843 Voce
863 781 1002 863 fatigavit
1023 780 1127 843 sidera
1149 781 1230 843 clara
1246 781 1321 864 poli,

664 867 788 949 Ecquid
810 868 910 929 adhuc
932 870 1044 929 iustam
1062 867 1166 930 lentus
1184 888 1244 930 non
1263 868 1367 947 surgis
1389 868 1419 928 in
1439 868 1536 935 iram?

751 954 794 1017 Et
814 961 905 1035 potes
924 955 1001 1016 haec
1023 961 1127 1015 contra
1148 964 1179 1017 te
1201 954 1265 1016 sera
1287 954 1348 1016 teia
1370 956 1454 1036 parit

663 1041 748 1104 Ecce
765 1040 952 1106 rebellantes
975 1040 1119 1102 audacter
1139 1048 1174 1103 ut
1190 1058 1280 1102 amne
1298 1040 1446 1123 Tyranni,

751 1125 867 1208 iusque
884 1136 937 1190 tun
956 1124 1081 1190 Christo
1099 1126 1211 1209 sasque
1231 1129 1376 1210 piumque
1394 1133 1515 1208 negant.

663 1215 812 1298 Respicis
831 1217 969 1278 insontes
992 1215 1118 1287 animes,
1141 1215 1322 1296 tristemque
1345 1215 1506 1281 cruorem?

751 1299 817 1363 Illis
839 1322 894 1383 pro
916 1303 1009 1364 verba
1032 1320 1123 1382 quem
1147 1301 1255 1362 damus
1277 1322 1351 1362 ecce
1373 1308 1436 1362 tun.

663 1387 824 1472 Respicis,
846 1396 878 1451 et
897 1388 1012 1471 patulis
1034 1388 1169 1465 gemitus
1193 1387 1251 1448 hos
1273 1387 1398 1448 curibus
1421 1385 1536 1459 hauris,

752 1477 840 1552 Quos
862 1476 917 1538 tibi
938 1474 1114 1538 semineces
1136 1473 1291 1535 reddimus
1310 1495 1361 1534 nre
1382 1474 1445 1554 pio.

664 1563 771 1644 thue
792 1570 894 1624 truces
916 1582 982 1624 raro
1003 1561 1083 1625 tristi
1101 1563 1169 1622 sine
1191 1561 1287 1622 caede
1304 1559 1448 1642 Tyranni,

751 1648 794 1712 Et
814 1650 900 1710 sicca
921 1649 961 1710 ad
978 1649 1100 1730 stygias
1117 1655 1214 1711 morte
1232 1645 1366 1709 feruntur
1387 1664 1495 1726 aquas,

664 1734 721 1798 Sic
742 1756 866 1818 quoqne
888 1757 968 1797 nunc
988 1736 1114 1797 meritas
1135 1733 1269 1816 pendent
1281 1754 1349 1794 cnm
1361 1733 1650 1815 sanguiaepoenns,

751 1822 841 1898 Quos
863 1823 947 1884 iuvat
967 1821 1081 1884 iniusta
1097 1823 1215 1904 tingere
1237 1820 1332 1882 caede
1353 1838 1473 1882 manus.
