4628 5588
161 147 228 221 tm
432 138 447 149 “
570 203 574 211 .
786 106 1587 221 emrarmuscanvra‘uocnrrrca··
1893 189 1898 199 ·
2112 126 2193 229 ιιι

27 419 31 429 ,
161 345 275 411 annas
296 339 462 427 lapsuum,
483 342 574 407 iuxta
595 341 736 407 dietum:
758 339 926 414 Quiamat
945 340 1141 426 perieulum,
1279 338 1377 426 Nego
1409 343 1683 427 consequentiam
1716 338 1751 408 e't
1783 345 1869 410 ratio
1903 355 1968 425 est,
2000 345 2090 422 Quia
2108 369 2179 416 ιιοι

207 430 283 494 ribit
314 431 349 493 in
380 447 434 493 eo.
479 428 579 506 item,
613 427 780 494 Accurate
800 424 983 507 ambulate,
1016 449 1084 494 non
1105 438 1143 494 ut
1194 427 1350 510 congruit
1373 423 1560 509 exemplum
1571 414 1881 496 FideiDaemonum
1904 432 2088 514 adFidem,
2133 456 2181 503 u

197 516 254 581 tui.
297 513 341 580 Et
368 513 531 580 Proverb.
552 512 607 579 ao.
630 513 738 580 Omne
766 515 906 579 verbum
928 512 992 578 Dei
1019 533 1141 601 purgu-
1193 509 1413 576 iustificantur
1433 508 1594 591 homines,
1616 514 1678 578 sed
1699 513 1825 582 infinita
1836 515 2019 584 differentia
2031 532 2092 587 est.
2110 455 2179 588 li·

161 615 232 669 tum
254 599 397 689 clypeus
426 612 480 666 est
505 600 717 685 sperantibus
744 600 778 664 in
801 602 919 683 ipsum.
964 597 1007 663 Et
1028 597 1143 664 Domi·
1194 595 1268 674 des,
1285 593 1394 681 qualis
1417 610 1470 661 est
1491 599 1524 662 in
1535 596 1702 679 Diabolis,
1723 614 1777 691 est
1799 601 1923 682 mutila,
1945 605 2023 689 quia
2044 605 2109 671 etsi
2125 619 2179 672 cst

161 706 226 755 nus
248 689 369 773 inquita
391 686 566 765 Oretana
585 686 715 751 intretis
737 685 1014 750 intentationem.
1059 685 1142 751 ilum
1196 693 1288 746 certa
1309 683 1425 747 notitia
1446 680 1618 764 historiae,
1629 685 1745 774 Legis,
1762 688 1853 767 irae,
1861 701 1894 753 ct
1904 692 2034 756 venturi
2052 692 2177 773 iudicii,

161 771 527 926 atvitainai
532 794 541 832 ²
556 772 1143 943 litttttltatttla'at
1194 770 2180 939 attentaretistrabatiana

368 903 379 937 a
521 903 533 936 a
856 904 867 937 a
1130 893 1144 907 '
1818 907 1830 938 a

123 941 133 952 '
157 948 262 1013 'ritum
289 956 458 1023 sanctum,
486 944 516 1010 sl
545 964 613 1010 nou
634 963 859 1031 repugnemus
882 944 1144 1009 dubitationibus
1195 940 1313 1018 mines,
1335 940 1428 1005 iuxta
1447 942 1571 1007 dictum
1582 942 1750 1030 Symbolir
1773 944 1915 1032 Propter
1936 945 2178 1031 noshomincs,

164 1043 199 1099 et
218 1034 332 1118 pravis
354 1030 547 1110 affectibus,
571 1040 605 1096 et
625 1032 792 1116 quomodo
814 1031 1066 1118 repugnandum
1086 1031 1144 1094 sit:
1196 1037 1230 1088 at
1260 1037 1397 1110 propter
1429 1039 1579 1093 uestram
1611 1029 1753 1096 salutem
1782 1033 1956 1099 descendit
1988 1034 2032 1100 de
2057 1034 2177 1103 coelis.

163 1120 323 1186 discernit
343 1114 466 1202 loseph
488 1128 522 1183 et
539 1117 735 1201 Scipionem.
1196 1109 1283 1183 Quia
1304 1124 1414 1177 autern
1435 1127 1557 1179 norunt
1579 1113 1724 1196 Diaboli,
1758 1138 1838 1183 vere
1860 1119 2003 1186 iudicem
2024 1139 2103 1188 csse
2123 1122 2179 1189 Fi·

1180 1192 1275 1261 dium
1296 1197 1375 1276 Dei,
1408 1210 1442 1264 et
1474 1219 1513 1264 se
1541 1196 1677 1268 futuros*
1704 1223 1784 1270 esse
1815 1205 1851 1280 in
1879 1206 1998 1290 poeuis
2020 1209 2187 1288 aeternis,

250 1290 360 1376 Scipio
416 1286 638 1355 ulchritudina
669 1289 818 1367 virtutis,
851 1308 950 1392 quam
981 1287 1067 1353 ratio
1093 1298 1145 1353 ut-
1195 1281 1281 1348 lraec
1298 1285 1415 1349 notitia
1435 1286 1545 1352 iudicii
1567 1299 1602 1352 et
1621 1290 1704 1369 baa,
1725 1309 1792 1375 quo
1815 1293 1937 1356 certior
1959 1301 2023 1371 est,
2045 1315 2087 1359 eo
2108 1306 2179 1360 tru-

165 1396 298 1461 cunqna
319 1310 493 1526 intellipit,
524 1386 695 1453 movetur,
725 1386 761 1442 ut
783 1376 949 1440 abstineat
970 1376 1013 1440 ab
1035 1373 1144 1439 aliena
1197 1365 1363 1473 solentius
1382 1372 1505 1451 odium,
1525 1371 1757 1440 horribiliores
1780 1373 1933 1457 dolores,
1957 1389 1991 1442 et
2012 1379 2178 1446 tristiores

56 1489 60 1501 ·
164 1482 310 1548 sponsa,
343 1473 377 1527 et
400 1459 459 1527 ila
481 1462 568 1527 aetio
591 1473 643 1526 est
667 1462 823 1547 cogitatio
846 1460 985 1526 rationis
1007 1457 1144 1526 frenans
1195 1453 1345 1520 fremitus
1367 1457 1533 1525 adversus
1554 1458 1677 1541 Deum,
1696 1474 1731 1526 et
1751 1463 1919 1528 adversus
1930 1461 2100 1532 Christum
2116 1468 2178 1531 'ac-

165 1561 322 1615 cxteruos
354 1560 491 1634 gestus,
518 1567 605 1636 quae
630 1557 741 1612 tamen
769 1559 938 1631 uteunque
969 1546 1145 1612 adiuvatur
1196 1541 1318 1608 cendit.

164 1633 301 1700 heroica
332 1646 474 1700 naturae
506 1631 728 1699 inclinatione.
771 1633 841 1698 Sed
869 1631 990 1718 loseph
1019 1634 1145 1719 cogitat

160 1721 351 1786 mandatum
371 1717 458 1798 Dei,
471 1740 537 1785 nec
553 1716 625 1785 vult
645 1717 756 1785 Deum
778 1718 964 1797 offendere,
985 1738 1049 1783 nec
1071 1713 1144 1783 vult
1283 1710 1352 1778 Sed
1381 1712 1477 1794 fides,
1500 1736 1567 1801 qua
1589 1714 1690 1782 bomo
1715 1718 1923 1798 iustificatur,
1946 1731 2000 1786 est
2021 1723 2181 1790 assentiri

161 1807 305 1873 abiicere
331 1817 543 1891 praesentem
571 1805 731 1893 gratiam,
763 1826 827 1875 uec
849 1806 1049 1870 contristare
1070 1802 1144 1889 Spi·
1197 1800 1286 1864 omni
1308 1801 1413 1865 verbo
1430 1800 1614 1868 Dei-uobis
1637 1804 1771 1886 traditu,
1788 1817 1822 1870 at
1848 1825 1890 1871 ue
1912 1806 1958 1871 ita
1980 1818 2014 1872 et
2035 1810 2181 1892 promis·

159 1891 259 1958 ritum
291 1904 462 1972 sanctum,
495 1911 559 1957 nec
591 1910 770 1957 accersere
799 1910 938 1974 peenas.
987 1890 1145 1956 Abstinet
1196 1885 1283 1950 siunt
1305 1887 1442 1971 gratiae,
1465 1888 1518 1952 cui
1540 1891 1729 1955 assentiens
1753 1904 1934 1958 cernrtnon
1947 1895 2181 1976 tanmmimm,
2279 1972 2283 1977 ¹

159 1977 259 2064 igitur
291 1980 334 2043 ab
364 1971 479 2043 'aliena
499 2000 561 2064 pro
585 1992 636 2042 tar
656 1975 863 2044 voluntatem
886 1975 963 2054 Dei,
986 1988 1021 2041 et
1041 1972 1145 2041 refert
1196 1973 1258 2037 sed
1290 1973 1552 2038 misericordiam
1583 1988 1722 2061 propter
1742 1974 1863 2042 Filium
1894 1981 2112 2062 promissam,
2143 1993 2181 2049 et

159 2080 256 2130 suam
278 2065 513 2153 abstinentiam
534 2000 584 2129 ad
600 2061 741 2149 gloriam
763 2062 840 2144 Dei,
861 2084 905 2129 ne
924 2060 1020 2129 Dcus
1043 2061 1146 2128 offen·
1196 2057 1385 2162 acquiescit
1403 2060 1437 2124 in
1459 2059 1533 2126 Deo
1555 2075 1693 2146 propter
1713 2060 1803 2139 hunc
1824 2062 2053 2133 Mediatoram.
2097 2067 2182 2135 ldeo

161 2152 271 2230 datur,
294 2160 328 2216 et
348 2171 392 2216 ne
414 2150 567 2216 doctrina
590 2147 761 2215 scandalis
784 2148 997 2215 deformetur.
1040 2146 1146 2214 Simul
1196 2144 1347 2210 addimus
1376 2166 1411 2211 ιιι
1433 2146 1642 2228 defiuitione,
1675 2158 1709 2214 et
1739 2160 1794 2216 est
1814 2149 1936 2216 fiducia
1956 2153 2181 2237 acquiescens

161 2239 261 2302 etiarn
294 2246 370 2303 orat
398 2255 437 2301 se
458 2237 530 2321 regi
558 2256 579 2299 a
607 2234 702 2312 Deo,
729 2246 769 2315 ,at
801 2237 916 2301 statuit
943 2254 982 2300 sa
985 2233 1146 2384 1,ἱιίιιιιιιι
1195 2230 1231 2294 in
1251 2229 1326 2295 Deo
1347 2243 1487 2318 propter
1507 2232 1735 2315 Mediatoram,
1758 2237 1925 2303 accedens
1947 2237 1991 2302 ad
2023 2259 2110 2319 euru,
2144 2250 2183 2307 et

160 2319 251 2401 Deo,
274 2334 308 2386 et
330 2320 482 2386 exaudiri
503 2341 599 2385 suam
621 2321 805 2386 orationem
826 2332 964 2406 propter
1022 2322 1146 2386 ediato·
1196 2327 1290 2380 reete
1320 2317 1484 2383 invocans
1506 2332 1540 2385 et
1562 2316 1711 2385 clamans
1733 2321 1832 2387 Abba
1853 2334 1969 2406 patem-
2004 2322 2082 2389 ldao
2105 2345 2182 2391 sae
2246 2398 2254 2416 ·

160 2427 243 2474 rem.
287 2406 377 2472 Esti
401 2408 467 2471 'tur
488 2406 575 2471 actio
598 2405 673 2470 lose
696 2405 731 2485 b,
749 2426 817 2470 nou
837 2419 966 2472 tautum
987 2408 1075 2472 actio
1093 2425 1145 2471 ra·
1196 2422 1240 2486 pe
1262 2402 1414 2484 dicimus,
1437 2404 1552 2470 fidem
1575 2404 1752 2491 complecti
1773 2428 1892 2474 omnes
1913 2406 2073 2475 articulos
2088 2409 2182 2494 fidei,

161 2493 273 2571 tionis,
297 2493 359 2558 sed
378 2428 449 2572 ida,
471 2511 571 2577 quam
588 2491 703 2557 Verbo
725 2489 828 2557 Filius
850 2490 916 2557 Dei
936 2493 972 2559 in
998 2493 1074 2577 ipso
1095 2491 1146 2558 lo-
1197 2498 1231 2551 et
1262 2487 1433 2555 historiam
1465 2487 1675 2557 referendam
1707 2513 1785 2559 esse
1813 2494 1856 2559 ad
1878 2492 1967 2560 bunc
1989 2494 2181 2563 articuluma

161 2576 247 2663 sepb
268 2578 434 2656 accendit,
451 2589 488 2643 ut
510 2589 667 2645 cernatur·
686 2574 842 2645 voluutas
864 2577 940 2659 Dei,
969 2589 1003 2645 et
1024 2589 1078 2645 est
1098 2579 1146 2646 ln·
1197 2571 1308 2639 Credo
1330 2577 1559 2643 remissionem
1579 2590 1807 2663 peccatorum,
1827 2577 1957 2647 scilicet
1973 2593 2182 2650 nontautum

163 2665 317 2730 oendlum
338 2663 485 2749 Spiritus
507 2665 617 2730 sancti
637 2665 678 2729 irr
695 2665 808 2745 corde,
831 2685 899 2751 quo
920 2675 1073 2731 movetur
1094 2664 1146 2729 lo·
1196 2657 1272 2726 aliis
1305 2661 1389 2740 dari,
1421 2663 1484 2729 sed
1515 2663 1594 2729 milri
1626 2684 1769 2751 quoque.
1813 2665 1907 2732 llaec
1934 2666 2075 2733 fidesic
2096 2687 2182 2738 vera

162 2748 265 2838 seph,
286 2762 323 2816 ut
345 2751 480 2817 obediat
499 2748 593 2833 Deo,
626 2760 660 2818 at
681 2749 909 2833 confirmatur,
930 2772 975 2817 nc
995 2749 1146 2837 pericula
1198 2743 1428 2813 consolatione
1449 2769 1572 2836 magna
1592 2748 1685 2817 lucta
1706 2752 1809 2817 vincit
1830 2753 2053 2819 dubitationes
2068 2766 2182 2822 ettre·

162 2839 388 2925 pertimescat.
1195 2834 1386 2918 pidationes
1408 2835 1538 2902 animae
1560 2832 1719 2925 fugientis
1730 2836 1853 2912 Deum,
1877 2838 1919 2903 de
1941 2859 2007 2925 qua
2029 2836 2182 2908 leotadi-

409 2999 412 3005 Δ
1196 2920 1242 2983 cit
1264 2916 1419 2985 Psalmus
1451 2920 1505 2985 41.
1550 2922 1836 2996 Quemadmodum
1861 2944 1982 2990 cervus
2011 2926 2184 2994 desiderat

248 3006 343 3076 llaec
383 3009 495 3074 omnia
525 3005 758 3092 complectitur
789 3005 935 3086 Paulus,
975 3028 1051 3075 cum
1083 3008 1143 3073 aira
1196 3005 1241 3069 ad
1261 3002 1372 3068 fontes
1394 3026 1568 3092 aquarum,
1591 3008 1638 3072 ita
1659 3008 1828 3075 desiderat
1849 3011 1959 3099 anima
1978 3032 2055 3077 mea
2079 3013 2123 3077 ad
2146 3024 2183 3079 te

160 3093 290 3179 Spiritu
321 3093 532 3172 mortificate,
566 3095 663 3178 quasi
685 3092 790 3174 dicat,
817 3114 886 3160 nou
912 3091 989 3159 sola
1015 3094 1146 3159 ratione
1196 3089 1303 3155 Deus.
1348 3089 1461 3165 Quare
1483 3094 1590 3159 tristis
1613 3114 1651 3159 es
1674 3095 1783 3161 anima
1800 3097 1897 3166 meai
1920 3115 2023 3183 spera
2043 3094 2182 3180 iuDeo,

160 3178 304 3259 frenate,
322 3179 384 3244 sed
406 3179 520 3245 Verbo
538 3176 602 3243 net
625 3189 660 3244 et
681 3177 806 3265 Spiritu
827 3192 946 3245 sancto
969 3181 1072 3246 corda
1093 3199 1145 3245 re·
1195 3178 1352 3327 quoniam
1373 3179 1484 3246 adbuc
1506 3179 1694 3246 confitebor
1715 3181 1758 3246 ci.
1779 3180 1824 3247 Et
1845 3183 1879 3248 in
1902 3181 1967 3249 bac
1987 3181 2182 3269 ipsalucta,

208 3274 245 3329 nt
266 3265 417 3332 aciones
436 3265 564 3345 carnis,
585 3266 710 3343 idest,
732 3266 956 3332 dubitationes
979 3277 1012 3332 et
1035 3275 1143 3331 motus
1223 3260 1300 3328 ilius
1321 3262 1388 3329 Dei
1420 3267 1554 3352 agnitus
1587 3266 1621 3331 ln
1644 3265 1757 3332 Verbo
1789 3265 1916 3349 vocali,
1951 3270 2030 3335 dicit
2058 3290 2182 3337 conso·

160 3285 329 3431 diemde,
351 3370 438 3436 quos
461 3352 588 3416 erudite
610 3351 758 3417 nominat
778 3353 942 3433 actiones,
963 3363 1012 3433 ut,
1034 3348 1145 3438 aliqua
1196 3347 1354 3415 lationem
1385 3352 1420 3416 in
1443 3353 1566 3432 corde,
1598 3364 1631 3418 et
1654 3354 1798 3419 ostendit
1817 3352 1953 3420 Patrem
1974 3367 2009 3421 ot
2029 3354 2201 3423 volunta.

162 3436 318 3502 assensio
354 3449 387 3501 et
415 3432 594 3504 delectatio
621 3435 721 3503 simul
745 3438 888 3524 rapitur,
919 3438 995 3507 saa,
1008 3435 1083 3516 ‚fida
1112 3448 1146 3504 at
1196 3435 1364 3518 tamaius,
1386 3439 1475 3504 sient
1496 3439 1616 3525 inquit:
1644 3438 1751 3505 Nemo
1772 3441 1866 3506 novit
1886 3441 2019 3507 Patrem
2041 3444 2107 3508 nisi
2126 3441 2182 3509 Fi·

162 3521 290 3610 Spiritu
322 3534 461 3611 saneto,
493 3524 640 3589 retinens
672 3520 923 3591 fundamentum
955 3534 990 3590 et
1020 3527 1144 3592 bonam
1195 3519 1273 3602 lius,
1295 3533 1328 3587 et
1350 3525 1404 3590 cui
1424 3523 1569 3590 voluerit
1590 3521 1691 3590 filius
1713 3524 1876 3605 revelare,
1899 3537 1933 3593 et
1954 3528 2011 3593 dat
2021 3529 2182 3613 Spiritum

163 3611 413 3690 conscientiam,
435 3621 547 3676 manet
567 3611 602 3676 lu
624 3611 744 3696 gratia,
765 3623 799 3676 et
820 3621 932 3677 manet
951 3609 1075 3678 haeres
1097 3613 1144 3678 vi·
1197 3620 1359 3682 sanctum,
1405 3632 1449 3676 uo
1473 3609 1687 3677 confirmatur
1708 3612 1879 3690 assensio,
1911 3625 1947 3679 et
1967 3633 2033 3699 quo
2056 3613 2182 3683 fiducia

163 3703 217 3759 tac
254 3707 422 3760 aeternae.
476 3696 568 3761 llaec
600 3698 718 3761 eadem
757 3698 909 3762 doctrina
940 3699 1062 3763 tradita
1093 3709 1146 3762 cst
1196 3707 1230 3760 et
1251 3694 1377 3761 laetitia
1399 3717 1433 3761 ιιι
1454 3693 1626 3762 voluntate
1648 3699 1894 3778 accenduntur,
1926 3700 2017 3766 iuxta
2039 3701 2181 3768 dictum:

161 3777 260 3844 Rom.
281 3778 314 3843 6.
346 3779 422 3845 Non
445 3792 562 3868 regnet
588 3792 766 3868 peccatum
794 3783 829 3846 in
849 3781 983 3847 mortali
1003 3803 1146 3869 corpore
1197 3779 1368 3847 iustificati
1389 3781 1456 3848 fido
1477 3802 1594 3868 pacem
1615 3781 1786 3850 habemus.

161 3876 297 3943 vostro,
329 3867 420 3950 quod
442 3879 585 3934 sumtum
607 3866 888 3943 ostentionem:
921 3871 989 3936 Sub
1022 3881 1056 3935 te
1083 3870 1144 3936 orit

29 3998 36 4010 ,
161 3951 341 4037 appetitus,
362 3961 397 4016 et
416 3961 454 4018 tu
470 3952 649 4020 domineris
670 3955 712 4020 ei.

1665 4108 1705 4176 ΙΙ.

164 4244 1145 4459 beataemariae
1653 4288 1830 4515 ttae
1873 4299 2061 4373 aa
2090 4288 2182 4376 ⁶0¹⁸

360 4488 511 4575 FIDEI
542 4487 937 4579 OPPONUNTUR
1256 4528 1378 4612 Fides
1410 4531 1663 4612 esitantem
1692 4528 1848 4643 notitia,
2209 4568 2242 4597 ··

642 4689 669 4756 q
796 4659 799 4667 ’
1257 4648 1365 4761 Ergo
1395 4677 1480 4734 non
1508 4651 1593 4733 sola
1623 4650 1706 4733 fide
1746 4653 1871 4734 homo
1900 4662 1965 4735 est
1994 4650 2134 4736 iustus
2219 4708 2222 4713 -

224 4831 457 4916 Daemones
488 4834 661 4917 credunt
689 4846 733 4917 et
762 4835 1088 4920 contremiscunt.
1277 4814 1378 4937 flego
1399 4848 1573 4930 Minorem,
1591 4851 1668 4936 quia
1690 4850 1806 4929 fides,
1828 4850 1871 4915 dc
1892 4870 1959 4936 qua
1980 4844 2105 4916 Paulus
2124 4846 2179 4917 lo·

223 4950 331 5066 Ergo
360 4980 445 5035 non
474 4952 692 5040 dicendum
722 4956 807 5040 4301a
828 4956 929 5041 Fide
958 4957 1144 5041 homines
1195 4934 1317 5022 quitur,
1349 4947 1401 5001 est
1434 4948 1468 5001 et
1489 4937 1606 5002 notitia
1627 4938 1813 5022 promissae
1835 4937 1964 5024 gratiae
1992 4948 2025 5003 et
2054 4936 2179 5004 fiducia
2257 5005 2264 5017 ,

881 5052 884 5057 ·
1195 5022 1416 5107 acquiescens
1449 5023 1484 5087 in
1505 5021 1580 5089 Dec
1622 5034 1735 5111 reptet
1756 5021 1995 5104 llladlatorcm,
2029 5036 2063 5090 ct
2085 5020 2177 5091 vella
2266 5074 2272 5080 .

281 5070 499 5158 iustificari.
522 5140 526 5148 .
1193 5104 1260 5174 boe
1283 5107 1492 5189 beneficium,
1514 5128 1581 5196 quc
1625 5106 1660 5176 iu
1681 5110 1903 5195 promissione
1922 5108 2073 5226 offertur,
2092 5118 2176 5179 utat
