4628 5588
51 110 261 216 ,.„1

139 323 382 412 inconversis,
404 316 461 408 qui
479 334 637 404 statuant,
660 344 740 388 vere
762 324 824 388 sibi
847 274 1008 409 applicari
1022 325 1121 388 bene·

130 408 220 476 'tina
246 408 450 475 blediatoris.
495 410 538 475 Et
563 412 596 475 in
625 430 667 475 eo
697 412 855 474 exercitio
879 410 955 475 iidei
978 413 1120 493 sumptio

139 494 242 648 habet
263 499 425 562 rationem
446 495 673 585 sacramenti,
704 498 782 582 quia
810 497 931 581 accipit
958 496 1121 561 beneficia

174 603 215 648 er.

225 738 305 815 llll„
330 733 456 806 Quarto
485 735 625 799 accedat
660 736 839 821 gratiarum
868 736 956 800 aetio
983 733 1120 820 publice

140 831 174 886 et
200 821 355 905 privatim
383 822 426 887 rle
447 831 517 885 toto
540 820 702 887 beneficio
732 822 966 905 redemptionis
996 833 1028 883 et
1052 817 1119 885 ool·

138 903 294 972 lectionis
316 904 508 985 Ecclesiae,
536 919 568 971 et
589 907 631 971 de
648 904 723 970 aliis
746 904 933 984 benefieiis,
961 906 1119 990 Spiritua-

138 989 228 1057 libus
258 1005 291 1055 et
321 991 563 1076 corporalibus.
608 992 686 1057 ldeo
715 1005 864 1056 vetustas
894 1013 956 1056 usa
979 1006 1032 1056 est
1060 1013 1119 1055 no-

94 1118 98 1125 ·
139 1081 227 1143 mine
249 1076 450 1164 εὐχαριστίας.
496 1079 564 1145 Sed
591 1080 682 1164 prius
712 1075 928 1165 intelligenda
955 1088 1008 1142 est
1035 1079 1119 1141 ratio

139 1164 354 1229 firmamenti.

168 1493 245 1578 uu
276 1491 685 1597 ruvooauoun,
715 1491 1088 1599 eanonmorm,

258 1612 329 1698 nr
360 1613 706 1700 onarmnuu
735 1612 1011 1723 riunena.¹

375 1870 487 1974 Quid
518 1885 581 1955 est
612 1872 741 1954 cultus
771 1871 878 1954 Dei?

134 2141 137 2149 ,
223 2086 438 2171 Respondeo.
483 2087 545 2152 Est
574 2108 659 2171 opus
688 2109 711 2150 a
731 2085 808 2151 Deo
834 2087 1041 2164 mandatum,
1072 2083 1119 2149 sa·

130 2183 226 2239 etum
250 2175 282 2237 in
305 2174 398 2251 Fide,
419 2174 452 2237 id
476 2187 540 2252 est,
562 2194 645 2238 vera
666 2175 836 2257 agnitione
856 2183 890 2234 et
908 2172 1029 2236 fiducia
1050 2171 1119 2236 lile·

18 2322 22 2335 ,
138 2259 289 2337 diatoris,
314 2260 403 2344 quod
425 2257 571 2324 refertur
592 2259 635 2324 ad
662 2257 749 2322 hunc
771 2258 888 2335 linem,
909 2270 945 2322 ιιι
966 2256 1119 2322 Deo-tri·

123 2346 260 2429 ,buatur
280 2344 408 2424 honos,
432 2347 464 2409 id
488 2356 556 2422 est,
577 2356 613 2409 ut
635 2357 809 2422 testemur,
827 2343 921 2408 'bunc
943 2363 1024 2409 vere
1041 2363 1119 2409 esse

136 2429 258 2508 Deum,
283 2452 379 2515 quem
398 2433 448 2495 sic
472 2430 624 2507 colimus,
647 2442 679 2493 ct
697 2451 771 2494 eum
789 2432 839 2494 sic
857 2426 944 2494 velle
962 2427 1039 2494 coli.
1067 2429 1119 2494 Sit

136 2518 236 2603 igitur
258 2514 374 2601 regula
403 2515 548 2581 cultuum
570 2515 767 2600 Decologus
797 2528 888 2578 recte
915 2512 1118 2593 intellectus,

103 2676 105 2681 ,
134 2604 227 2668 ἱιυιιιι
250 2602 372 2667 dictum
390 2600 558 2667 Ezechiel.
580 2602 633 2665 20.
679 2601 714 2665 ln
733 2602 921 2686 praeceptis
944 2603 1026 2665 meis
1049 2622 1116 2665 am·

135 2686 262 2768 bulate,
283 2709 350 2752 non
373 2689 406 2752 in
428 2689 617 2773 praeceptis
640 2699 779 2770 patrum.
823 2686 867 2751 Et
887 2688 919 2750 ln
942 2687 1048 2770 prima
1070 2698 1118 2753 ta·

134 2771 215 2859 bola
246 2774 424 2860 praecipue
457 2776 499 2839 de
527 2774 738 2839 lnvocatione
771 2775 994 2859 praecipitur,
1026 2774 1118 2838 iuxta

136 2860 277 2963 dietpm:
301 2859 480 2927 Dominum
490 2859 601 2926 Deum
621 2871 712 2925 tuum
734 2860 905 2940 adorabis,
927 2872 962 2925 et
981 2857 1030 2924 illi
1051 2856 1118 2924 soli

136 2964 276 3012 sereres,

227 3275 338 3379 Quid
368 3287 431 3359 est
459 3275 668 3358 Invocatio
698 3305 771 3358 seu
801 3274 1028 3358 adoratio?

222 3456 284 3524 Est
307 3469 363 3524 aut
382 3469 496 3544 petere
516 3438 624 3523 'aDeo
647 3456 1014 3607 propterMediatorcm
1027 3444 1116 3522 bona

136 3547 346 3624 necessaria,
379 3547 435 3610 aht
489 3564 528 3619 ro
562 3547 647 3609 bene
671 3547 730 3608 ciis
758 3544 833 3610 Deo
861 3559 920 3607 aut
941 3543 1116 3608 lllediatori

137 3635 262 3718 gratias
295 3651 409 3718 agere.
461 3567 558 3704 Quod
591 3650 673 3696 vero
710 3626 809 3715 aliqui
845 3632 975 3694 tertium
1010 3649 1115 3714 genus

136 3718 336 3800 adiungunt,
369 3717 541 3782 celebrare
568 3713 685 3782 laudes
708 3715 791 3795 Dei,
824 3717 859 3780 id
885 3716 1053 3800 spargitur
1082 3717 1114 3779 in

135 3799 195 3867 illa
217 3804 281 3866 duo
301 3823 443 3888 genera,
477 3815 534 3867 aut
562 3815 654 3868 certe
681 3814 733 3868 est
755 3803 906 3867 doctrina
933 3802 1114 3866 ostendens

136 3889 213 3973 quid
235 3898 268 3951 et
290 3886 396 3971 qualis
420 3891 472 3951 sit.
517 3888 615 3960 Quod
644 3892 673 3953 si
697 3890 770 3974 quis
793 3886 864 3952 vult
885 3908 963 3953 esse
984 3888 1115 3952 tertium

136 3993 256 4062 genus,
277 3993 346 4038 non
367 3993 529 4058 repugno.

183 4321 406 4426 Quomodo
438 4319 622 4524 faciepda
654 4331 717 4522 esp
745 4319 954 4403 Invocatio
985 4350 1058 4403 seu

570 4441 682 4523 etitio

221 4622 310 4689 Satis
339 4622 478 4710 intelligi
509 4634 636 4710 potest,
668 4621 767 4688 aliurn
797 4635 921 4689 motum
947 4623 981 4689 in
1011 4625 1112 4689 eorde

12 4779 18 4797 ,
133 4728 224 4788 esse,
247 4722 413 4793 petentem
438 4723 473 4775 ut
494 4711 592 4776 nobis
615 4706 737 4791 aliquid
760 4710 874 4775 deturr
903 4705 1021 4788 alium,
1044 4708 1112 4775 lae·

133 4797 197 4863 ort
229 4807 368 4879 accepto
403 4797 576 4863 beneficio.
635 4793 780 4859 l‘rimurn
819 4797 918 4882 igitur
950 4796 1110 4874 discatur,

132 4882 302 5035 montedo
323 4878 475 4947 facienda
496 4884 539 4946 sit
560 4882 685 4966 petitio.
729 4882 782 4945 Ac
809 4883 917 4964 tu'rpia
937 4879 1111 4968 negligen-

206 4978 276 5048 ιιι,
304 4988 378 5033 cum
412 4968 454 5033 de
481 4969 623 5033 caeteris
651 4967 828 5034 virtutibus
859 4979 923 5032 tam
952 4964 1055 5033 multa
1078 4978 1111 5030 et

132 5054 270 5140 scripte,
292 5063 327 5120 et
347 5052 514 5141 disputata
534 5055 613 5134 sint,
635 5054 678 5121 de
695 5074 776 5121 vera
796 5053 999 5139 precatione,
1023 5072 1112 5138 quae

1095 618 1107 636 ⁸
1173 631 1315 709 Deum,
1336 631 1403 695 ubi

773 74 889 202 'em
908 108 1014 202 unu.
1035 122 1226 202 staura
1241 78 1521 201 neonium}
1843 112 1855 232 j
2110 134 2155 205 ω

1173 332 1227 388 est
1248 342 1376 388 summa
1397 293 1520 400 alitus,
1544 323 1653 387 minus
1675 314 1841 410 cogitari,
1870 323 2072 390 Necessaria
2101 335 2156 391 est

1173 421 1282 474 autem
1303 411 1482 494 praecipue
1503 428 1564 472 sex
1583 429 1691 473 rerum
1710 410 1944 475 consideratio.
2037 446 2040 451 ,

1259 546 1284 609 1.
1310 545 1448 609 Primo
1472 565 1518 607 co
1553 546 1735 609 itandum
1754 558 1833 624 est,
1857 546 1961 619 Quid
1983 558 2153 632 etqnem

1418 566 1682 777 pateiactum
1705 634 1894 709 invoces,
1923 646 1966 698 ut
1989 634 2152 698 discer-

1172 738 1246 783 nas
1282 729 1387 781 tuam
1440 720 1733 783 nvooationem
1765 718 1814 782 ab
1843 716 2029 784 Etbnica.
2075 718 2152 783 ldeo

1173 802 1328 869 lobannis
1351 803 1382 864 4.
1406 803 1563 885 seriptum
1587 815 1654 866 est:
1679 801 1751 866 Vos
1774 804 1921 869 adoratis
1940 806 2029 889 quod
2046 807 2153 870 nesci·

1151 891 1226 956 .tis.
1254 888 1326 954 Nos
1349 890 1525 952 adoramus
1543 888 1630 972 quod
1654 889 1789 954 scimus.

1259 1020 1341 1089 Vult
1363 1024 1457 1088 Deus
1479 1044 1543 1088 nos
1564 1021 1751 1110 intelligere
1779 1026 1811 1088 lu
1834 1027 2044 1111 precatione,
2074 1028 2153 1112 qnid

1172 1129 1325 1196 agamus,
1345 1111 1475 1194 etquid
1497 1112 1704 1175 invocemus.
1749 1109 1827 1175 Vult
1845 1131 1883 1174 se
1904 1131 2020 1176 verum
2042 1111 2153 1178 Deum

1173 1216 1193 1258 a
1228 1198 1464 1260 commenticiis
1491 1199 1679 1261 numinibus
1709 1199 1864 1262 discerni.
1916 1196 1994 1262 ldeo
2030 1199 2153 1263 dictum

1173 1292 1240 1344 est:
1273 1278 1453 1347 Dominum
1481 1281 1589 1346 Deum
1617 1295 1708 1347 tuum
1734 1284 1892 1347 adorabis
1900 1328 1910 1361 ,
1946 1294 1979 1346 et
2006 1281 2055 1346 illi
2088 1282 2152 1350 soli

1173 1368 1313 1432 servies.
1358 1365 1438 1430 Vult
1459 1389 1525 1432 non
1549 1389 1589 1432 va
1616 1370 1663 1432 ari
1693 1370 1912 1454 cogitationes
1934 1380 2086 1446 nostras,
2114 1381 2152 1433 ut

1172 1464 1315 1538 vagatur
1334 1444 1474 1519 lleouba
1497 1454 1583 1539 apud
1635 1455 1811 1537 uripidem:
1842 1454 1872 1517 0
1895 1453 2035 1540 iupiter,
2081 1454 2152 1518 uid·

1173 1540 1249 1623 quid
1270 1559 1319 1687 ep,
1342 1537 1502 1633 sivelhoc
1525 1537 1666 1619 coelum,
1690 1542 1762 1606 siue
1784 1560 1890 1619 mens,
1914 1561 2064 1627 quaeve
2089 1541 2153 1607 ‘tur

1172 1645 1205 1688 ιιι
1224 1645 1285 1690 eoe
1299 1646 1330 1689 o.
1962 1630 1969 1645 ⁸

1257 1777 1310 1843 Ac
1338 1797 1407 1843 sem
1433 1799 1470 1842 er
1496 1778 1590 1843 Deos
1616 1776 1748 1842 illustre
1779 1781 2001 1843 testimonium
2030 1798 2151 1862 propo-

1171 1865 1254 1942 suit,
1277 1885 1343 1949 quo
1365 1801 1469 1928 voluit
1490 1867 1629 1949 agnosci
1656 1878 1689 1929 et
1717 1866 1880 1941 discerni,
1914 1866 2001 1929 sieut
2028 1868 2061 1930 in
2085 1864 2151 1930 De·

1171 1947 1294 2036 calogo
1318 1952 1462 2015 nominat
1484 1949 1702 2014 Eductionem
1724 1971 1766 2015 ex
1788 1950 1955 2036 Aegypto.
1988 1949 2031 2014 Et
2052 1964 2151 2016 antea

1171 2037 1284 2100 dicunt
1307 2035 1443 2100 Patres:
1476 2035 1571 2100 Deus
1595 2035 1779 2110 Abraham,
1801 2035 1897 2100 Deus
1921 2035 2032 2115 isaac,
2055 2036 2150 2102 Deus

1170 2121 1281 2199 laeob,
1304 2122 1336 2184 id
1360 2135 1423 2200 est,
1445 2134 1478 2186 te
1500 2141 1615 2185 verum
1637 2121 1745 2187 Deum
1766 2122 1901 2204 invoco,
1925 2124 1980 2206 qui
2004 2135 2036 2186 te
2058 2134 2149 2206 pate·

1170 2203 1279 2270 fecisti
1303 2205 1476 2286 Abrahae,
1498 2219 1531 2271 ct
1553 2209 1582 2270 ei
1604 2208 1857 2293 promissionem
1880 2209 2052 2273 tradidisti.
2097 2208 2150 2275 Ac

1170 2292 1357 2356 testimonia
1379 2294 1489 2357 omnia
1511 2290 1700 2358 referantur
1721 2294 1764 2358 ad
1786 2291 1915 2358 Filium.

1255 2445 1306 2510 Sit
1326 2446 1426 2532 igitur
1448 2448 1575 2511 directa
1595 2467 1690 2511 mens
1713 2448 1755 2510 ad
1778 2446 1867 2511 hune
1890 2467 2006 2512 verum
2028 2444 2148 2527 Deum,

1168 2533 1224 2683 gui
1252 2553 1290 2597 se
1317 2532 1476 2615 patefecit
1508 2534 1613 2597 misso
1640 2531 1724 2596 Filio
1754 2531 1899 2597 Domino
1932 2545 2049 2596 nostro
2071 2531 2150 2601 lesu

1197 2615 1316 2696 bristo,
1340 2619 1499 2683 crucifixo
1523 2630 1553 2682 et
1576 2619 1784 2683 resuscitato.
1829 2618 1872 2682 Et
1890 2619 2023 2703 quidem
2044 2620 2149 2683 nomi·

1168 2715 1287 2768 nentur
1298 2725 1462 2788 personae
1477 2705 1568 2768 initio
1578 2705 1792 2790 precationis,
1811 2715 1843 2767 et
1865 2705 2040 2790 cogitetur,
2063 2723 2150 2789 quae

1170 2791 1328 2875 cuiusque
1362 2791 1406 2854 sit
1437 2792 1640 2876 proprietas,
1673 2801 1711 2855 ut
1736 2790 1945 2855 discernatur
1977 2788 2072 2854 Deus
2105 2790 2148 2857 ab

1169 2878 1321 2940 omnibus
1344 2878 1517 2962 creaturis,
1540 2889 1573 2941 et
1591 2876 1799 2942 discernatur
1818 2877 1985 2943 invocabo
2004 2896 2086 2942 vera
2105 2876 2149 2940 ab

1167 2960 1310 3027 Ethnieo
1331 2963 1552 3028 invocatione.

1346 3288 1551 3377 FORMA
1580 3286 1966 3378 PRECATIONIS.
2086 3282 2095 3291 ’

1251 3505 1467 3591 Omnipotens
1499 3519 1634 3571 aeterne
1665 3518 1699 3572 et
1738 3527 1819 3572 rere
1850 3504 1980 3586 Dens,
2012 3518 2149 3573 aeterne

1166 3593 1267 3659 Pater
1285 3593 1417 3657 Domini
1438 3595 1546 3657 nostri
1575 3593 1668 3658 lesu
1696 3591 1881 3671 Christi,
1911 3595 1967 3677 qui
1996 3605 2030 3657 te
2055 3607 2148 3677 pate-

1164 3677 1274 3745 fecisti
1296 3682 1457 3744 immensa
1478 3680 1642 3757 bonitate,
1673 3690 1705 3742 et
1728 3676 1877 3743 clamasti
1905 3680 1948 3743 de
1970 3678 2053 3743 Filio
2076 3691 2147 3757 tuo,

1164 3763 1308 3831 Domino
1330 3778 1446 3828 nostro
1467 3763 1544 3829 lesu
1566 3763 1718 3828 Christo:
1742 3764 1857 3828 Hunc
1879 3766 2032 3844 audite,
2055 3784 2147 3828 erea-

1165 3863 1219 3916 tor
1240 3849 1326 3916 coeli
1348 3862 1382 3914 et
1403 3864 1531 3929 terrae,
1565 3862 1598 3914 et
1619 3847 1794 3913 Ecclesiae
1816 3849 1869 3913 An
1895 3847 1999 3914 elicae
2022 3861 2055 3914 et
2077 3850 2146 3914 Hu-

1165 3954 1293 4017 manae,
1308 3958 1374 4001 una
1391 3955 1467 4000 curn
1479 3934 1562 4000 Filio
1579 3946 1637 4000 tuo
1656 3947 1844 4013 coaeterno,
1867 3869 2012 4001 Qotrrino
2028 3947 2146 4000 nostro

1165 4023 1257 4087 lesu
1281 4021 1465 4102 Christo,
1488 4020 1647 4087 crucifixo
1676 4042 1738 4103 pro
1760 4023 1859 4085 nobis
1881 4034 1915 4086 et
1932 4023 2144 4101 resuscitato,

1188 4111 1221 4172 ni
1243 4119 1296 4172 est
1316 4110 1427 4194 imago
1446 4119 1521 4186 tua,
1550 4119 1582 4171 et
1613 4108 1700 4188 λόγος
1728 4107 1770 4171 ad
1792 4106 1978 4173 Ecclesiam
2001 4110 2143 4172 missust

1164 4194 1207 4258 ht
1224 4216 1298 4259 cum
1311 4195 1471 4279 Spiritu
1493 4205 1643 4257 saneto
1658 4203 1729 4271 tuo,
1748 4195 1895 4277 sapiens,
1914 4214 2030 4271 verax,
2044 4196 2143 4272 bone,

1165 4281 1262 4356 iuste,
1285 4282 1397 4358 iudex,
1420 4281 1624 4356 misericors,
1648 4290 1742 4343 caste
1763 4292 1796 4344 et
1816 4277 1995 4357 liberrime,
2018 4281 2072 4365 qui
2095 4279 2143 4343 di·

1163 4368 1259 4432 xisti:
1282 4366 1370 4430 Vivo
1393 4386 1475 4452 ego,
1507 4361 1586 4429 nolo
1615 4376 1755 4428 mortem
1781 4366 1985 4449 peccatoris,
2019 4366 2081 4431 sed
2107 4376 2143 4429 ιιι

1164 4464 1379 4518 convertatur
1401 4463 1432 4516 et
1455 4452 1555 4515 vivat.
1600 4450 1699 4516 item:
1722 4451 1845 4516 invoca
1872 4471 1924 4514 me
1952 4451 1984 4514 in
2013 4451 2065 4529 die
2087 4453 2143 4516 tri·
2220 4470 2243 4485 ‘
2286 4537 2293 4545 .

1162 4535 1352 4614 bulationis,
1387 4538 1521 4622 eripiam
1555 4547 1599 4616 te,
1632 4549 1665 4602 et
1698 4535 1902 4623 glorificabis
1933 4556 1997 4601 mc.
2042 4535 2140 4601 ltem:

1162 4622 1335 4689 Effundam
1358 4642 1458 4707 super
1487 4623 1619 4688 domum
1641 4621 1753 4688 David
1775 4623 1930 4707 Spiritum
1960 4624 2087 4709 gratiae
2109 4633 2145 4686 et

1185 4730 1313 4787 recum,
1338 4707 1502 4773 confiteor
1525 4709 1600 4788 tihi,
1621 4731 1675 4776 me
1696 4711 1913 4775 miserrimum
1932 4719 2143 4793 peecatorem

1160 4730 1364 4859 iernbtliter
1392 4814 1573 4880 peccasse,
1601 4809 1634 4861 et
1656 4795 1753 4861 doleo
1772 4806 1843 4861 toto
1868 4797 1969 4861 corde
1987 4796 2076 4880 quod
2095 4792 2143 4861 os·

1161 4879 1252 4945 feudi
1273 4891 1325 4959 te,
1353 4879 1515 4947 Miserere
1541 4882 1624 4962 mei,
1654 4893 1687 4946 et
1709 4882 1833 4948 ¹ernmdi
1856 4903 1921 4960 me,
1943 4893 1977 4946 et
1997 4878 2142 4953 iustitiae

1160 4986 1225 5046 me,
1247 4986 1309 5053 per
1330 4979 1364 5032 et
1376 4981 1518 5054 propter
1532 4965 1650 5035 Filium
1672 4978 1774 5047 tuum,
1795 4967 1973 5036 Dominum
1992 4978 2143 5032 nostrum

1160 5051 1292 5119 lesum
1321 5050 1556 5134 Christum,
1578 5051 1772 5120 crucifixum
1803 5054 2000 5138 pronubis,
2030 5063 2064 5119 et
2090 5068 2143 5117 re·
2173 5112 2184 5136 ,
