4628 5588
193 173 258 239 277

281 362 462 429 Praeterea
490 365 563 431 sine
586 360 763 449 disciplina
792 362 850 428 obi
886 362 954 428 vita
991 361 1175 449 Cyclopica

195 464 267 532 est,
291 451 405 516 doceri
431 449 582 514 homines
609 470 677 516 noo
698 461 858 535 possunt:
890 450 1053 535 praecipit
1073 449 1175 534 igitur

192 536 314 613 Deus,
347 547 384 602 ut
404 556 515 603 mores
537 534 681 601 honeste
697 546 874 622 regantur,
895 546 929 599 et
949 547 986 600 ιιι
1003 532 1175 623 diligentia

191 620 253 689 illa
274 642 343 688 non
365 621 629 702 ethnicomore,
663 633 790 686 tanturn
818 621 863 687 ad
884 640 1001 706 pacem
1023 621 1175 707 corporis

830 174 890 239 lV.
910 172 1170 240 ENARRATIO
1191 171 1393 241 SYMBOLl
1413 172 1574 241 nroENt.

2142 122 2279 251 'ort

1195 365 1200 401 ³
1225 363 1345 443 vitute,
1366 375 1403 430 ut
1424 361 1634 430 manifestum
1657 376 1726 443 est,
1748 364 1791 428 Et
1808 362 1948 432 utDeus
1971 367 2131 432 mimensa
2146 368 2206 433 bo·

1225 451 1329 515 nitate
1351 464 1490 535 propter
1517 452 1767 537 deprecatorem
1790 448 1925 532 Filium,
1947 473 2064 518 rursus
2086 473 2126 518 se
2147 474 2206 539 pa·

1226 532 1340 602 tefacit
1362 536 1566 617 hominibus,
1596 549 1629 603 et
1649 538 1903 623 promissionem
1925 540 2010 618 edit,
2045 551 2078 605 et
2100 540 2206 628 gratis

1225 623 1343 706 recipit
1364 644 1442 702 eos,
1476 625 1521 689 ito
1544 636 1577 689 et
1599 645 1662 689 nos
1690 634 1827 710 propter
1848 622 1966 690 lilium
1994 626 2100 712 gratis
2121 627 2207 693 reci·

192 706 380 788 referatur,
415 711 475 774 scd
497 708 539 774 ad
562 706 651 773 hunc
678 707 794 786 finem,
827 719 864 771 ut
888 708 1000 773 doceri
1022 706 1173 773 homines
1198 695 1201 801 Ι
1225 710 1284 795 pit,
1309 720 1343 774 et
1365 710 1484 774 deinde
1507 710 1613 776 reddit
1635 720 1803 774 aeternam
1825 712 1926 776 vitam
1949 723 1984 776 ct
2004 712 2169 807 iustitiam.

193 797 235 863 de
258 793 334 860 Deo
355 797 504 881 possint,
528 806 561 860 et
582 806 705 859 utnon
727 794 924 878 impediatur
944 814 1054 880 neque
1075 814 1175 859 eacu-

193 876 294 949 tiatur
316 880 458 967 Spiritus
480 893 618 947 sanctus
640 877 818 946 violatione
840 876 1052 964 disciplinae,
1087 883 1174 946 sicut

193 969 343 1036 excussit
363 966 475 1034 David
497 969 631 1052 rapiens
654 964 791 1032 alterius
814 967 1001 1053 coniugem.

279 1121 475 1209 Quanquam
503 1133 614 1189 autem
640 1119 727 1187 hoec
756 1116 930 1206 disciplina
958 1139 1089 1206 semper
1117 1139 1174 1184 ne-

194 1211 342 1276 cessaria
363 1221 432 1288 est,
457 1220 568 1284 tamen
588 1227 654 1272 nec
674 1218 818 1289 meretur
846 1207 1075 1272 remissionem
1096 1227 1174 1291 pec·

193 1307 355 1375 catorum,
376 1315 441 1359 nec
462 1292 627 1360 satisfacit
647 1290 732 1380 legi,
762 1314 826 1360 nec
848 1293 972 1358 iustitia
994 1305 1062 1371 est,
1098 1313 1174 1379 pro·

190 1393 265 1469 pter
281 1403 380 1468 qoam
393 1402 507 1451 corum
528 1381 603 1448 Deo
627 1381 758 1463 accepti
779 1381 903 1458 simus,
924 1391 961 1445 ot
982 1375 1109 1445 Paulos
1125 1380 1174 1444 io·

192 1469 278 1556 quit:
309 1465 362 1533 Ex
395 1470 554 1553 operibus
581 1464 668 1553 legis
702 1487 769 1531 non
800 1465 1033 1532 iustificabitur
1066 1466 1173 1533 omnis

192 1573 287 1634 caro,
307 1567 344 1620 ut
366 1567 487 1640 postea
510 1553 681 1640 copiosius
705 1553 844 1618 dicetur.

276 1707 408 1773 Deinde
430 1718 463 1772 ει
483 1708 551 1773 hoc
574 1708 747 1774 sciendum
774 1718 836 1771 est.
881 1704 954 1789 Etsi
976 1703 1053 1771 talis
1075 1702 1173 1772 liber·

190 1808 242 1860 tas
264 1796 434 1881 regendae
460 1791 682 1860 locomotivae
711 1813 844 1878 semper
876 1804 988 1858 monet
1014 1793 1048 1857 in
1069 1791 1173 1880 homi·

188 1901 267 1948 uum
290 1892 427 1958 natura,
449 1891 558 1945 tomen
581 1899 683 1964 saepe
705 1877 861 1945 labuntur
883 1876 1052 1958 homines,
1080 1877 1173 1943 flam·

191 1969 252 2032 mis
279 1968 495 2050 cupiditatum
524 1967 669 2046 incitati,
690 1979 759 2030 aut
787 1966 928 2029 etioma
956 1962 1092 2030 diabolo
1114 1966 1173 2029 im·

192 2051 291 2138 pulsi,
314 2053 402 2117 sicut
424 2054 466 2117 de
488 2052 568 2118 luda
589 2048 767 2117 manifeste
789 2050 964 2115 scribiturt
988 2050 1126 2115 introvit
1139 2052 1173 2115 in

192 2158 266 2204 eum
288 2139 445 2204 Satanas.
489 2139 568 2204 ldeo
591 2135 742 2223 exempla
759 2137 969 2223 quotidianae
981 2138 1081 2214 vitoe,
1103 2157 1173 2202 ma-

188 2225 297 2289 ximae
329 2223 435 2309 partis
465 2222 598 2289 humani
626 2225 780 2310 generis,
812 2234 846 2288 ει
875 2241 991 2286 omnes
1013 2219 1173 2288 historiae

188 2311 369 2376 ostendunt
395 2308 557 2394 plurimos
589 2309 743 2375 homines
771 2305 876 2393 pollui
905 2307 1033 2372 delictis
1056 2322 1172 2374 contra

191 2399 443 2476 conscientiam,
475 2408 513 2463 ιιι
533 2395 664 2462 Ethnici
687 2397 785 2461 ctiam
808 2396 916 2480 questi
943 2406 1038 2474 sont,
1071 2395 1172 2460 admi·

173 2496 302 2549 rantes
331 2483 419 2548 untlc
446 2494 539 2548 tanta
570 2484 604 2546 in
637 2481 701 2547 hoc
735 2481 1021 2565 praestantissima
1054 2492 1174 2546 natura

188 2566 322 2634 humani
345 2570 479 2656 generis
501 2565 710 2634 imbecillitas
732 2569 786 2632 sit.

275 2707 343 2785 Sed
366 2726 469 2772 causa
490 2707 588 2771 nobis
610 2707 644 2771 iu
666 2704 821 2770 Ecclesia
848 2717 929 2770 nota
951 2716 1021 2784 est,
1053 2702 1170 2767 Nasci·

182 2810 262 2860 ¹mur
283 2790 473 2859 adferentes
496 2795 647 2857 morbum
670 2793 819 2879 originiS,
843 2793 916 2877 qui,
939 2802 1101 2874 utsupra
1124 2789 1171 2853 di·

189 2891 278 2945 ctum
302 2892 371 2960 est,
394 2901 462 2944 non
485 2891 536 2944 est
558 2892 683 2944 tantum
705 2891 838 2958 reatus,
860 2878 921 2942 sed
943 2878 1043 2941 etiam
1065 2873 1171 2941 horri-

190 2963 265 3031 bilis
295 2966 478 3035 destructio
511 2975 545 3029 et
577 2965 749 3030 infirmitas
783 2965 926 3030 omnium
955 2964 1083 3028 virium.
1128 2960 1171 3026 Et

190 3053 355 3117 accedunt
376 3051 515 3116 insidiae
537 3065 570 3116 et
592 3054 745 3138 tyrannis
769 3048 909 3130 diaboli,
942 3050 1027 3115 sicot
1048 3052 1081 3114 io
1105 3048 1170 3119 Ge

188 3139 261 3204 nesi
284 3139 406 3202 dictum
429 3149 497 3201 est:
521 3138 647 3204 Ponam
670 3138 855 3204 inimicitias
877 3138 963 3200 inter
981 3148 1170 3221 serpentem

189 3235 222 3290 ει
243 3245 357 3321 semen
379 3222 537 3289 mulieris.

277 3377 361 3444 Cum
390 3380 489 3464 igitur
504 3389 550 3442 'et
577 3389 696 3442 natura
722 3375 892 3441 hominum
921 3377 964 3440 sit
992 3372 1168 3455 imbecilla,

191 3477 224 3530 et
245 3463 398 3530 diabolus
422 3465 581 3529 atrociter
604 3476 777 3550 grassetur
798 3464 965 3527 adversus
988 3481 1069 3541 nos,
1101 3483 1170 3526 non

125 3571 127 3575 ’
190 3552 373 3617 mirandum
397 3562 449 3615 est
470 3552 644 3616 maximam
663 3561 791 3635 partem
815 3550 948 3634 gencris
967 3546 1100 3612 humani
1114 3569 1170 3613 va·

189 3639 248 3703 riis
270 3638 379 3702 modis
401 3634 515 3721 pollui.
559 3633 771 3701 Admoneant
793 3647 903 3700 autem
921 3653 984 3698 nos
1007 3647 1041 3699 et
1062 3635 1171 3699 nostri

189 3735 224 3789 et
245 3721 344 3789 alieni
366 3721 495 3808 lapsuS,
517 3735 554 3790 ιιι
577 3720 808 3812 confugiamus
831 3724 875 3787 ad
892 3721 918 3784 F
920 3718 1008 3786 ilium
1029 3718 1113 3800 Dei,
1138 3732 1170 3784 et

187 3821 340 3897 petamus
372 3807 527 3875 auxilium
562 3821 680 3876 contra
712 3808 931 3873 infirmitatem
960 3820 1107 3872 nostram
1137 3817 1172 3871 et

189 3907 307 3961 contra
329 3893 514 3974 diabolum,
537 3897 614 3983 qnia
636 3897 795 3980 scriptum
819 3907 884 3959 est:
907 3891 1010 3958 Filios
1030 3892 1093 3958 Dei
1111 3894 1170 3957 ad·

188 3983 309 4069 pamit,
332 3993 370 4048 ot
392 3984 542 4048 destruat
568 4002 672 4067 opera
698 3978 841 4061 dioboli,
868 3986 947 4047 item
975 3993 1013 4046 ut
1035 3977 1170 4046 concul-

190 4081 244 4136 cet
266 4080 367 4156 caput
388 4067 573 4153 Serpentis·

188 4380 256 4425 non
286 4362 421 4426 renatis.
466 4360 563 4424 Nunc
594 4361 702 4424 dicam
730 4363 772 4426 dc
798 4358 872 4426 aliis
906 4361 1168 4446 quaestionibus.

186 4445 252 4511 llic
272 4448 411 4531 primum
435 4446 519 4511 haec
539 4444 716 4512 manifesta
739 4459 829 4526 sunt,
847 4445 1005 4511 volontas
1027 4444 1170 4512 humana

187 4552 256 4599 non
283 4544 396 4619 potest
424 4531 495 4599 olla
520 4534 653 4598 actione
680 4552 743 4598 soa
772 4530 890 4598 tollere
911 4544 1067 4611 mortem,
1101 4553 1169 4597 oon

188 4630 300 4704 potest
322 4639 446 4685 exuere
468 4639 591 4703 pravas
608 4616 851 4699 inclinationes,
869 4639 1078 4704 seupravam
1090 4640 1169 4686 con-

90 4756 94 4761 .
190 4707 446 4791 cupiscentiom,
479 4719 515 4769 ut
544 4717 684 4784 vocant,
702 4709 785 4770 'non
812 4716 924 4790 potest
950 4706 1066 4771 Atlam'
1090 4719 1170 4791 post

187 4787 320 4878 lapsum
343 4792 513 4858 retrahere
538 4789 630 4856 illam
658 4792 879 4880 integritatem
908 4803 942 4858 et
963 4789 1169 4859 bonnoniam

1312 879 1405 946 llaec
1426 881 1607 971 praecipua
1629 883 1717 948 bona
1738 902 1805 947 non
1834 882 1965 948 restitui
1988 880 2090 949 ullius
2113 902 2206 949 crea·

1225 976 1321 1032 turae
1342 969 1509 1053 potentia,
1536 967 1597 1031 sed
1624 968 1758 1054 proprie
1784 967 1848 1034 Dei
1878 989 1980 1053 opera
2004 988 2081 1034 esse
2104 974 2206 1037 mani·

1225 1049 1347 1119 festum
1370 1066 1433 1119 est.
1489 1051 1573 1119 Cum
1596 1075 1639 1120 oe
1667 1054 1849 1121 volontatis
1878 1054 2045 1121 humanae
2065 1053 2205 1123 libertas

1226 1148 1439 1220 extenuatur,
1472 1141 1560 1205 hanc
1574 1076 1819 1206 liberationem
1847 1142 1890 1206 ab
1924 1142 1974 1208 ira
2002 1140 2085 1220 llei,
2119 1152 2153 1208 ει
2185 1161 2207 1208 a
2271 1132 2275 1142 ¹

1224 1237 1333 1291 morte
1354 1240 1507 1305 aeterna,
1540 1237 1574 1290 et
1605 1227 1846 1295 restitutionem
1875 1229 1963 1293 vitae
1996 1240 2030 1294 et
2062 1228 2207 1293 iustitiae

1225 1325 1381 1377 aeternae
1403 1313 1605 1392 intucamur,
1638 1325 1670 1378 et
1696 1312 1780 1378 haec
1808 1315 1987 1399 praecipua
2009 1317 2099 1379 bona
2121 1314 2205 1380 scia·

1225 1419 1298 1463 mus
1320 1417 1387 1463 non
1413 1418 1517 1483 posse
1545 1399 1673 1464 restitui
1700 1400 1800 1465 nobis
1821 1395 1923 1466 ullius
1952 1411 2126 1466 creatorae
2146 1419 2205 1489 po

1224 1486 1337 1550 tentia.

1311 1741 1379 1808 Sed
1401 1752 1577 1828 postquam
1595 1744 1757 1807 immensa
1778 1744 2004 1808 misericordia
2018 1741 2094 1823 Dei,
2116 1745 2205 1810 edita

1225 1840 1278 1893 est
1300 1829 1476 1913 promissio
1499 1825 1792 1909 reconciliationis,
1816 1841 1849 1894 ct
1870 1828 1965 1894 Deus
1984 1829 2120 1895 adiuvat
2137 1851 2205 1895 am·

1223 1911 1410 2020 plectentes
1432 1915 1704 1999 promissionem,
1725 1913 1781 1980 hic
1802 1935 1918 1980 rursus
1942 1917 2129 2001 quaeritur,
2160 1935 2205 1981 an

1223 1997 1314 2065 rllam
1336 1998 1580 2073 inchoationem
1603 2003 1811 2067 obedientiae
1832 2002 1865 2066 in
1884 2003 1998 2082 corde,
2022 2001 2134 2081 iidem,
2158 2001 2205 2068 di·

1222 2083 1417 2166 lectionem‚
1446 2087 1666 2152 constantiam
1694 2084 1916 2153 confessionis
1950 2089 1983 2153 in
2018 2083 2203 2173 suppliciis,

1224 2173 1311 2237 etin
1333 2169 1406 2238 aliis
1429 2173 1606 2237 virtutibus
1630 2172 1764 2253 cordis,
1797 2172 1953 2249 voluntas
1986 2169 2110 2239 efficiat
2132 2174 2206 2238 sine

1223 2256 1347 2342 Spiritu
1370 2257 1512 2324 sancto?
1554 2256 1608 2322 De
1637 2257 1702 2323 hac
1729 2263 1924 2346 quaestione
1958 2257 2143 2326 clarissime
2171 2272 2205 2327 et
2284 2327 2287 2331 .

1223 2347 1296 2409 sine
1318 2341 1388 2409 ullo
1410 2345 1624 2431 ambiguitate
1654 2345 1886 2426 adfirmamus,
1915 2343 2120 2412 volontatem
2141 2344 2204 2432 has

1223 2431 1361 2496 virtutes
1393 2451 1602 2517 nequaquam
1638 2432 1710 2495 sine
1751 2433 1872 2516 Spiritu
1906 2444 2026 2498 sancto
2068 2430 2205 2499 efficere

1222 2536 1336 2602 posse.
2168 2536 2171 2541 ’

1308 2671 1361 2735 Ac
1374 2669 1484 2756 polam
1496 2684 1530 2737 et
1542 2691 1704 2758 expresse
1715 2671 1907 2738 damnamus
1921 2670 2135 2758 Pelagianos,
2149 2669 2203 2758 qui

1222 2755 1387 2821 linxerunt
1414 2756 1567 2822 homines
1596 2778 1700 2841 posse
1727 2759 1845 2823 mereri
1874 2759 2103 2831 remissionem
2150 2778 2203 2823 ec-

1223 2855 1390 2920 catorum,
1413 2845 1599 2929 etquidem
1622 2845 1695 2909 sine
1718 2842 1844 2927 Spiritu
1871 2856 1989 2909 sancto
2012 2864 2115 2928 posse
2125 2779 2204 2932 legi

1221 2928 1285 2993 Dei
1307 2926 1520 3008 satisfacere,
1542 2950 1645 3013 posse
1668 2940 1701 2993 ct
1721 2930 1795 2994 siue
1818 2931 1938 3014 Spiritu
1961 2927 2203 3008 sonc'tolidem,

1222 3013 1432 3166 dglectionem
1454 3009 1536 3095 Dei,
1571 3029 1603 3081 et
1629 3036 1745 3082 omnes
1771 3017 1911 3081 virtutes
1938 3014 2023 3082 olias
2044 3017 2079 3081 in
2102 3017 2203 3081 corde

1221 3123 1240 3167 e
1279 3122 1368 3166 cere.

1306 3254 1377 3321 Hos
1400 3257 1519 3343 impios
1542 3278 1675 3323 errores
1698 3254 1891 3323 constanter
1913 3256 2125 3337 damnamuS,
2147 3259 2204 3345 qui

1220 3341 1440 3429 Evangelium
1462 3347 1494 3408 in
1517 3342 1762 3429 philosophiam
1783 3341 2040 3420 transformant,
2070 3354 2102 3406 et
2125 3363 2203 3407 con·

1221 3425 1386 3493 tumeliosi
1408 3442 1486 3495 sunt
1508 3432 1672 3494 adversus
1699 3428 1830 3508 Deum,
1863 3431 2009 3494 obruunt
2040 3427 2202 3493 beneficia

1195 3481 1280 3599 lfilti
1303 3513 1385 3593 Dei,
1409 3529 1441 3581 et
1465 3517 1610 3599 Spiritus
1633 3516 1749 3581 sancti.
1803 3570 1813 3586 .

1668 3610 1674 3618 ι

1307 3667 1454 3735 Econtra
1489 3690 1570 3735 vero
1608 3668 1821 3735 adfirmamus
1854 3669 1946 3733 iuxta
1984 3664 2203 3754 Evangelium

1222 3756 1375 3821 omnibus
1407 3757 1612 3840 temporibus
1640 3755 1717 3819 inde
1748 3775 1856 3840 usque
1889 3757 1932 3819 ab
1966 3754 2058 3820 initio
2090 3755 2203 3821 mundi

1222 3843 1299 3906 vivo
1320 3844 1468 3907 membra
1494 3839 1691 3920 Ecclesiae,
1725 3842 1796 3927 regi
1827 3852 1859 3906 et
1888 3841 2007 3905 iuvari
2028 3863 2049 3906 a
2081 3842 2203 3927 Spiritu

1222 3938 1352 4006 sancto,
1372 3941 1408 3994 ut
1430 3927 1527 3995 Rom.
1550 3927 1583 3993 8.
1614 3929 1750 3993 dicitur:
1791 3927 1857 4002 Qui
1885 3928 2052 3993 docuntur
2078 3929 2205 4013 Spiritu

1194 4018 1198 4100 i
1221 4013 1297 4094 Dei,
1318 4013 1352 4078 hi
1370 4027 1448 4080 sunt
1471 4009 1526 4079 lilii
1549 4013 1623 4094 llei,
1647 4035 1688 4080 oc
1711 4011 1785 4079 Deo
1809 4025 1945 4079 aeterno
1968 4015 2053 4099 patri
2069 4012 2203 4078 Domini

1194 4112 1198 4165 ἑ
1221 4102 1328 4165 nostri
1351 4099 1427 4165 lesu
1448 4099 1584 4179 Christi,
1607 4113 1639 4166 et
1661 4099 1813 4166 iilioeius
1834 4100 1979 4165 Domino
1997 4113 2113 4164 nostro
2126 4099 2202 4165 lesu

1195 4236 1197 4243 .
1222 4186 1376 4264 Christo,
1398 4200 1431 4251 et
1449 4188 1582 4272 Spiritui
1601 4200 1731 4266 sancto,
1754 4190 1880 4274 gratias
1898 4189 2026 4271 agimus
2046 4199 2123 4267 cum
2163 4205 2201 4250 ro
2279 4206 2281 4211 ·

274 4272 408 4340 Dictum
432 4285 501 4351 est,
524 4271 633 4360 qualis
654 4271 784 4360 reliqua
806 4276 849 4339 sit
866 4272 1005 4338 libertas
1024 4275 1121 4338 etiarn
1136 4274 1169 4338 in
1194 4284 1198 4347 ι
1223 4285 1291 4339 toto
1320 4272 1479 4338 beneficio
1509 4274 1805 4352 reconciliationis,
1839 4285 1907 4352 tum
1922 4291 2016 4337 -vero
2044 4290 2106 4353 pro
2134 4207 2161 4333 h

2159 4291 2202 4335 oc

1221 4362 1295 4445 ipso
1318 4359 1511 4425 admirando
1534 4380 1688 4439 munere,
1717 4361 1807 4444 quod
1836 4357 1960 4442 Spiritu
1989 4366 2108 4418 sancto
2137 4375 2201 4420 nos

1220 4446 1323 4533 regit,
1356 4447 1511 4513 accendit
1544 4448 1576 4511 in
1606 4446 1772 4511 mentibus
1801 4444 1926 4508 nostris
1948 4439 2057 4506 lucem
2080 4442 2202 4509 iterita-

1221 4535 1276 4612 tis,
1299 4546 1333 4599 ct
1354 4554 1468 4599 veram
1490 4532 1553 4597 Det
1575 4532 1793 4618 agnitionem,
1823 4549 1887 4594 nec
1915 4528 1996 4593 sinit
2018 4549 2078 4593 eas
2101 4547 2202 4595 occu·

1244 4621 1291 4685 ari
1312 4622 1420 4704 impiis
1444 4631 1478 4685 et
1498 4616 1652 4684 fanaticis
1674 4617 1866 4696 furoribus,
1890 4614 2015 4705 deinde
2031 4615 2122 4700 qood
2143 4635 2202 4680 vo-
2286 4661 2312 4701 ‚-

1220 4642 1367 4772 iuntates
1391 4717 1423 4771 et
1446 4707 1548 4772 corda
1570 4704 1675 4771 flectit
1697 4704 1738 4769 atl
1761 4723 1874 4769 voram
1902 4701 2141 4781 obedientiam,
2164 4699 2203 4765 ti·

1220 4814 1347 4858 morem
1368 4789 1432 4858 Dei
1440 4818 1451 4871 ·,
1473 4793 1642 4872 fiduciam,
1676 4788 1902 4868 dilectionem,
1935 4807 2041 4874 spem,
2063 4799 2098 4853 et
2118 4783 2201 4850 olias

190 4880 333 4945 omnium
356 4879 489 4958 virium,
523 4898 622 4983 quam
643 4890 741 4943 antea
762 4878 895 4959 habuit,
929 4879 995 4943 imo
1016 4873 1081 4946 nec
1101 4901 1169 4946 me·
1192 4910 1196 4929 ι
1220 4892 1371 4959 vrrtutes,
1393 4891 1425 4955 et
1447 4880 1579 4967 quidem
1598 4878 1733 4943 inchoat
1754 4877 1788 4943 in
1810 4876 1908 4943 nobis
1931 4876 2033 4941 vitam
2056 4885 2088 4939 et
2108 4872 2201 4938 iusti·

188 4967 255 5031 reri
276 4977 389 5052 potest
410 4967 639 5031 remissionem
661 4966 804 5053 peccati.
870 4994 873 4999 ·

1192 4937 1197 5089 Ι
1221 4968 1301 5061 tiam
1321 4978 1501 5032 aeternam.

275 5119 367 5189 lacet
387 5141 551 5209 oppressa
571 5133 693 5189 natura
713 5119 882 5188 hominum
902 5117 968 5189 hac
990 5121 1078 5187 tristi
1097 5142 1168 5189 aar·
1192 5092 1198 5184 i
1307 5101 1401 5189 llaec
1421 5131 1514 5186 touta
1535 5119 1624 5185 douo
1645 5117 1863 5208 agnoscenda
1884 5127 1980 5196 aunt,
2012 5124 2047 5180 et
2066 5131 2129 5200 pro
2150 5113 2200 5178 eia

1073 5266 1083 5272 .
1977 5233 2050 5286 w
