4628 5588
32 480 34 483 ·
156 461 278 510 causas
301 438 404 507 deleri
426 453 641 508 contumaces
664 452 783 527 contra
805 461 900 507 suam

154 165 180 236 a
324 122 328 128 ’
442 110 461 125 ”
597 139 600 145 “
822 123 1572 232 u.axauuuounmrnnonurr'
1653 208 1665 226 .
1758 207 1768 221 .
2091 108 2176 261 [ro
2280 217 2292 229 .

905 365 1042 505 ppopter
1072 354 1136 420 has

953 461 1059 528 egem.

155 355 350 424 conservari
381 354 558 421 humanam
589 355 802 436 societatem,
841 365 876 419 et

160 770 163 777 *
225 737 443 842 Quomodo
473 737 736 849 intelligenda
766 749 830 820 est
859 684 1070 849 abrogatio

451 856 574 969 Legis
590 857 836 942 ‘Mosaieae'l

240 1053 456 1142 Respondes.
497 1054 602 1129 Quod
633 1055 676 1122 ad
708 1054 976 1122 iustificationem
1009 1056 1135 1134 attinet,

154 1141 272 1209 eodem
294 1144 395 1208 modo
416 1141 457 1205 de
479 1143 633 1208 omnibus
654 1144 806 1226 partibus
819 1139 922 1228 Legis
940 1141 1039 1207 Moisi
1061 1162 1137 1207 sen·

154 1229 301 1295 tiendum
324 1239 395 1306 est,
421 1225 577 1293 videlicet
603 1230 695 1314 quod
705 1249 789 1294 ‚non
810 1239 1000 1294 mereantur
1020 1231 1136 1293 remis·

155 1316 282 1381 sionem
299 1323 525 1400 peccatorum,
547 1325 581 1379 et
602 1315 692 1400 quod
709 1334 855 1398 persona
876 1334 944 1379 non
967 1314 1011 1378 sit
1035 1314 1136 1393 iusta,

154 1401 189 1466 id
200 1411 265 1479 est,
282 1421 364 1467 acce
387 1394 507 1463 taDeo
519 1402 674 1465 advitam
685 1413 865 1481 aeternam,
881 1412 1020 1485 propter
1033 1420 1137 1487 opera

153 1485 258 1572 Legis
271 1421 423 1562 Moralis,
445 1496 479 1549 et
495 1483 571 1550 alia.
605 1487 685 1552 ltem
699 1487 789 1573 quod
808 1486 895 1552 haec
916 1499 1033 1551 nostra
1056 1488 1137 1551 obe·

155 1573 289 1648 dientia,
313 1592 411 1658 quam
434 1581 602 1657 utcunque
622 1583 772 1659 praestat
794 1571 893 1637 homo
920 1575 951 1636 in
975 1573 1040 1636 bac
1056 1575 1136 1651 vita,

154 1678 222 1722 non
245 1659 287 1721 sit
307 1657 433 1723 iustitia
457 1668 609 1737 aeterna,
631 1678 693 1723 seu
714 1660 846 1746 integra
867 1658 953 1743 legis
977 1657 1135 1744 impletio.

56 1764 63 1769 ·
153 1743 232 1808 ldeo
264 1741 391 1811 Paulus
430 1745 535 1828 inquit
571 1745 614 1808 de
653 1746 806 1808 omnibus
844 1746 996 1828 partibus
1034 1745 1136 1830 Legis

152 1827 264 1908 Moisi,
285 1828 426 1893 Roman.
448 1831 479 1895 3.
523 1828 575 1894 Ex
593 1832 750 1915 operibus
772 1829 873 1917 Legis
890 1852 958 1895 nou
979 1831 1136 1896 iustifica-

153 1916 243 1985 bitur
265 1916 373 1979 omnis
393 1913 505 1982 bomo.

471 2210 522 2295 II.
582 2212 835 2323 Responsio.-

241 2411 309 2478 Sed
327 2410 416 2497 quod
433 2411 477 2475 ad
494 2410 714 2475 obedientiam
730 2410 858 2488 attinet,
877 2408 1059 2475 differentia
1070 2424 1135 2491 est,

189 2499 232 2563 “ia
252 2497 365 2583 Leges
380 2496 548 2561 Forenses
570 2493 867 2561 et'Ceremoniales
890 2499 940 2559 sic
961 2507 1039 2560 sunt
1055 2499 1136 2562 ubo-

152 2580 258 2664 lrtae,
272 2595 309 2648 ut
325 2601 465 2669 prorsus
487 2582 593 2648 omitti
620 2582 770 2668 possint,
805 2594 838 2647 et
866 2583 933 2645 sint
956 2585 1134 2647 extinctae.

152 2667 280 2735 Verum
301 2667 373 2733 Lex
395 2664 534 2734 Moralis
557 2690 633 2734 curu
659 2671 704 2733 sit
729 2670 763 2733 in
792 2665 867 2735 Deo
895 2688 932 2731 sa
957 2669 1075 2748 ientia,
1102 2679 1136 2733 et

151 2774 272 2820 norma
292 2754 434 2820 iustitiae
455 2765 603 2832 aeterna,
625 2764 659 2818 et
680 2751 847 2839 patefacta
870 2755 913 2819 sit
932 2689 1134 2834 dominibus,

151 2854 190 2906 ut
219 2840 320 2906 bomo
350 2843 394 2906 sit
420 2838 599 2906 conformis
620 2838 708 2920 Deo,
735 2862 803 2905 non
831 2850 943 2924 potest
976 2841 1136 2927 extingui,

51 2956 59 2961 ·
153 2926 215 2992 sed
237 2939 347 2991 manet
370 2927 453 2991 ordo
476 2928 627 3006 divinus,
648 2938 685 2990 ut
708 2925 808 2990 bomo
831 2928 950 2989 iterum
973 2924 1031 2990 fiat
1056 2947 1135 2991 con·
1178 2950 1182 2956 ·

152 3010 270 3078 formis
290 3011 379 3092 Deo,
401 3015 487 3078 sicut
508 3011 626 3077 Roma.
649 3012 681 3076 3.
703 3013 837 3078 dicitur:
860 3010 926 3076 Per
948 3010 1047 3076 fidem
1070 3025 1136 3078 sta·

144 3096 284 3164 'bilimus
314 3098 451 3185 Legem.
500 3098 581 3163 ltem
603 3097 720 3164 Roma.
743 3097 775 3163 8.
819 3099 864 3164 Ut
891 3100 943 3164 ius
971 3097 1075 3186 Legis
1101 3101 1135 3164 iu

84 3214 91 3230 =
152 3185 252 3251 uobis
273 3182 459 3271 impleatur.
901 3204 907 3220 ·

155 3479 292 3584 Quare
329 3479 464 3590 Leges
503 3477 802 3563 Ceremoniales
848 3478 900 3562 et'
936 3480 1136 3569 Forenses

201 3598 206 3608 ’
365 3629 526 3711 prorsus
557 3600 690 3682 euritii
719 3600 915 3714 possunt?

239 3791 453 3883 Respondeo.
509 3797 595 3871 Quia
627 3808 755 3864 tantum
786 3798 1016 3887 promulgatae
1047 3811 1136 3879 sunt,

152 3893 191 3950 ut
212 3884 370 3949 durarent
392 3885 435 3949 ad
456 3895 583 3950 certum
599 3894 743 3969 ternpus,
766 3887 874 3959 donec
890 3905 1046 3952 mansura
1064 3897 1137 3951 erat

151 3968 268 4055 politia
288 3968 458 4049 blosaica,
486 3991 572 4056 quac
601 3972 780 4036 constituta
807 3984 861 4037 est
888 3971 954 4038 boc
981 3971 1135 4052 consilio,

152 4066 192 4134 ut
208 4066 300 4120 esset
323 4067 436 4121 certus
458 4051 556 4120 locus
577 4067 611 4121 et
633 4067 726 4122 certa
747 4060 863 4141 stirps,
884 4060 918 4123 iu
935 4079 1002 4143 qua
1018 4079 1136 4124 nasce·

151 4154 255 4222 retur,
267 4143 416 4221 doceret,
433 4142 546 4206 ederet
563 4143 761 4222 testimonia,
781 4141 914 4209 offerret
924 4144 1136 4224 sacrificium,

153 4237 188 4293 et
204 4229 462 4292 resuscitaretur
481 4226 638 4293 Messias.
682 4227 724 4294 Et
751 4229 840 4294 banc
868 4242 999 4318 gentem
1028 4229 1136 4295 voluit
1168 4274 1171 4279 -

152 4312 249 4418 Deus
272 4313 436 4418 conspici,
460 4324 494 4378 et
515 4315 685 4418 segregari
707 4318 750 4381 ab
773 4312 849 4382 aliis
869 4317 1035 4401 gentibus,
1058 4318 1134 4382 ideo

153 4401 302 4465 attribuit
335 4420 366 4464 er
397 4410 511 4463 certos
543 4413 638 4465 ritus.
693 4399 862 4467 Praedixit
895 4415 1005 4467 autem
1038 4401 1134 4470 Deus

77 4546 83 4552 ·
152 4482 755 4638 t⁸¹⁰⁰·t⁸‘l.itlitl.lii¹l‘2m
778 4487 946 4640 ⁰5⁸⁶?
962 4489 1135 4639 {wilm

151 4592 372 4723 dtrudlionem
392 4670 600 4746 postremam
622 4657 738 4725 leroso
752 4595 849 4746 yludd
868 4596 963 4726 mu
1007 4595 1061 4726 ic
1090 4595 1134 4725 si:

152 4740 220 4809 mul
238 4764 314 4810 cum
335 4739 614 4830 politiabiosaica
635 4746 799 4810 extinctae
816 4756 895 4811 sunt
914 4744 1012 4832 leges
1032 4743 1135 4812 Gere-

152 4827 317 4894 moniales
338 4840 373 4894 et
383 4827 571 4908 iudiciales,
594 4831 746 4916 quisbue
761 4832 873 4916 reipsa
888 4827 1023 4898 fuerunt
1038 4832 1134 4900 nervi

151 4911 251 4979 buius
262 4913 410 5001 politiae,
421 4929 494 4981 'seu
510 4916 622 5000 potius
632 4918 707 5003 ipsa
721 4913 847 5002 politia,
864 4938 906 4983 ac
923 4939 1135 5007 nequaqnam

152 4998 306 5089 obligant
326 5000 412 5068 alias
433 5013 551 5089 gentes
557 5047 567 5080 ,
590 5014 626 5068 ut
649 5023 691 5069 ex
712 5004 797 5068 actis
815 5003 847 5067 Α
900 5002 1057 5071 'telorum
1079 5025 1134 5072 ca·

151 5087 225 5175 pits
245 5086 297 5153 lt.
320 5098 352 5154 a
368 5085 521 5174 Epistola
541 5087 586 5154 ad
602 5086 744 5156 Gaiana
868 5099 978 5158 astum
994 5103 1057 5158 ear.

1190 320 1296 443 em
1326 360 1449 473 meur
1470 359 1562 443 nex
1582 361 1749 445 uorans
1769 390 1852 444 non
1881 363 2010 475 possit
2031 363 2168 469 seres,

1452 481 1541 592 quis
1572 493 1635 564 est
1665 482 1751 609 eius
1780 481 1902 566 usus?

1274 693 1358 760 lies
1379 709 1459 761 sunt
1478 715 1574 762 usus.
1606 696 1739 764 Primus
1759 709 1814 763 est
1833 698 2083 785 paedagogium
2107 693 2196 768 σοι’
2257 764 2265 786 ,

1187 779 1355 868 politicus,
1375 784 1421 847 ad
1442 803 1559 847 omues
1580 783 1732 849 homines
1830 785 1944 864 ’nens,
1972 787 2072 851 etiarn
2100 806 2170 853 non
2193 829 2225 847 ‹.

1188 880 1325 933 renatos
1342 878 1375 932 et
1395 866 1574 948 Ethnicos,
1602 871 1694 958 quod
1710 870 1743 935 vi
1767 868 1852 936 elloe
1888 866 2016 957 obligat
2038 892 2168 953 omnes,

1187 967 1224 1020 ut
1246 965 1364 1039 regant
1396 964 1535 1019 externa
1565 958 1714 1021 membra
1740 976 1803 1022 seu
1828 954 2099 1039 Lotomotivam,
2132 967 2171 1026 ut

1188 1052 1325 1105 externa
1345 1038 1437 1106 iacta
1460 1052 1646 1127 congruant
1667 1061 1742 1107 eum
1763 1041 1814 1109 Le
1875 1039 2010 1123 Morali,
2033 1056 2068 1109 et
2090 1064 2168 1110 san·

1188 1129 1233 1194 cit
1261 1146 1389 1211 poenas
1416 1126 1514 1190 etiam
1538 1125 1731 1210 corporales
1758 1129 1792 1193 in
1843 1149 1885 1193 ao
1912 1130 2170 1206 vitaadversus

1188 1234 1249 1278 eos
1293 1214 1328 1277 ui
1349 1211 1522 1277 admittunt
1548 1225 1685 1278 externa
1713 1211 1849 1294 delicta,
1878 1234 1962 1318 quas
1990 1213 2087 1280 Deus
2112 1213 2171 1283 vel

1187 1319 1247 1384 per
1305 1302 1499 1386 agistratus,
1520 1295 1576 1364 vel
1593 1298 1667 1363 aliis
1689 1301 1796 1365 modis
1814 1312 1913 1365 sumit
1939 1301 1981 1365 de
2003 1305 2168 1368 sontibus.

1187 1384 1241 1449 De
1257 1384 1324 1449 hoc
1345 1404 1410 1450 usu
1432 1384 1568 1448 dicitur:
1582 1383 1664 1468 ,Lex
1682 1396 1736 1451 est
1752 1386 1862 1472 posita
1883 1387 2026 1465 iniustis,
2048 1389 2081 1453 id
2104 1399 2170 1467 est.

1187 1490 1344 1557 premens
1367 1490 1440 1549 eos,
1459 1469 1647 1536 cohercens
1675 1468 1732 1537 vel
1758 1473 1901 1555 puniens
1924 1473 2171 1538 acdestruens

1188 1568 1415 1623 contumaces.
1458 1555 1533 1621 lluc
1554 1558 1719 1641 pertinent
1738 1557 1804 1623 hae
1825 1555 1993 1643 Regulae:
2011 1558 2076 1632 Qui
2122 1556 2170 1624 la·

1188 1644 1276 1709 dium
1297 1643 1476 1727 acceperit,
1496 1639 1611 1792 gladio
1633 1644 1762 1725 peribit.
1791 1642 2003 1710 Seortatores
2020 1657 2054 1709 et
2077 1581 2170 1711 adul·

1187 1741 1279 1794 teros
1308 1728 1467 1793 iudicabit

1186 1812 1332 1880 liaberis.
1377 1813 1505 1887 Quibus
1528 1813 1625 1877 dictis
1647 1814 1863 1882 confirmatur
1879 1813 2013 1902 regular
2029 1816 2171 1883 Atrocia

1188 1898 1308 1965 delicta
1325 1901 1505 1983 puniuntur
1526 1899 1695 1964 atrocibus
1717 1903 1834 1985 poenis
1856 1903 1890 1965 in
1911 1901 2069 1981 bacvita,
2086 1904 2171 1988 quia

1187 1986 1281 2051 Deus
1304 1999 1358 2051 est
1380 1996 1495 2051 eustos
1518 2003 1600 2050 suae
1622 1987 1764 2051 iustitiae
1786 2007 1848 2053 seu
1866 1984 1980 2073 Legis.
2014 1987 2122 2053 Etiam
2135 1989 2170 2053 in

1186 2073 1256 2137 vita
1276 2069 1413 2157 politica
1432 2069 1506 2136 vult
1527 2073 1657 2135 servari
1684 2091 1834 2137 normam
1856 2094 1939 2139 suae
1959 2074 2114 2153 iustitiae,
2137 2082 2172 2140 et

1187 2178 1254 2222 non
1287 2166 1463 2221 servantes
1495 2153 1698 2221 horribiliter
1736 2158 1889 2225 destruit.
1942 2158 1981 2225 ld
2014 2156 2170 2245 exempla

1187 2244 1378 2327 quotidiana
1394 2243 1583 2308 ostendunt.
1615 2243 1701 2309 Sunt
1717 2244 1817 2329 igitur
1833 2257 1866 2311 et
1883 2265 1926 2310 ex
1937 2244 2087 2311 doctrina
2104 2246 2168 2331 pri·
2207 2261 2213 2287 ¹

1187 2348 1314 2393 morum
1331 2328 1483 2406 Petrum,
1516 2341 1550 2393 et
1570 2348 1656 2393 exe
1702 2330 1839 2396 erientia
1871 2333 2015 2397 traditae
2036 2342 2170 2399 senten·
2249 2356 2258 2366 ·

1186 2417 1252 2480 tiae
1272 2411 1415 2500 legales,
1438 2415 1537 2481 etiam
1557 2415 1647 2497 apud
1699 2413 1842 2481 tbnicos.

1290 2600 1395 2654 Cernit
1410 2599 1495 2656 Deus
1511 2599 1616 2655 omnia
1633 2602 1755 2656 undae.
1882 2633 1886 2641 ·

1292 2667 1355 2735 oia
1372 2668 1396 2733 τ’
1418 2667 1493 2756 dario
1513 2671 1593 2755 ῥίζῃ,
1614 2679 1693 2735 τοῖον
1714 2679 1796 2748 τέλος
1816 2671 1907 2737 αὖτδν
1929 2671 2031 2739 ἱκάνει.
2071 2685 2112 2743 m
2127 2691 2166 2743 ri·

1393 2754 1481 2809 nitier
1497 2755 1743 2810 innumerabiles.
2140 2766 2143 2771 ’

1289 2822 1365 2888 Euri
1387 2829 1441 2905 μὲν
1457 2825 1579 2888 θνατῶν
1600 2833 1704 2911 φρένες
1725 2823 1871 2913 ὠκύτεραι

1290 2910 1405 2996 Κέρδος
1426 2913 1548 2989 αἰνῆσαι
1568 2909 1631 2997 πρὸ
1652 2902 1736 2991 dispe
1753 2911 1864 2993 δόλιον,

1293 3001 1444 3083 Τραχεῐαν
1465 2997 1616 3083 ἑρπόντων
1635 2997 1715 3084 πρὸς
1735 2999 1862 3083 {nitidas
1884 2996 1912 3063 δ’
1935 2993 2036 3080 ὅμως.

1670 3132 1700 3188 1t

1291 3239 1423 3321 Βέβανον
1443 3234 1520 3316 ἕξεις
1540 3235 1591 3302 τᾶν
1607 3240 1675 3322 βίον
1697 3149 1810 3313 ἕως
1831 3194 1885 3302 oi'r.

1273 3422 1316 3489 Et
1339 3425 1416 3511 quia
1437 3422 1514 3490 talis
1531 3437 1584 3490 est
1604 3426 1795 3512 praesentia
1813 3423 1880 3489 Dei
1896 3425 1932 3489 in
1952 3437 2023 3489 toto
2042 3443 2166 3508 genere

1187 3510 1331 3575 humano
1353 3508 1486 3576 scelera
1502 3512 1654 3595 puniens,
1677 3512 1752 3576 ideo
1774 3508 1976 3575 Aristoteles
1994 3509 2109 3594 inquit,
2130 3510 2165 3575 in

1187 3595 1240 3660 his
1262 3598 1415 3662 versibus
1436 3593 1648 3680 Empedoclis
1671 3599 1780 3661 deseri
1804 3607 1873 3661 tum
1896 3611 1972 3661 esse
1994 3595 2049 3659 lus
2071 3604 2165 3659 natu-

1187 3702 1257 3760 rae,
1280 3683 1448 3766 inquibus
1471 3683 1599 3760 dicitur,
1622 3683 1767 3747 Primum
1782 3619 1850 3761 lus,
1873 3683 1907 3746 id
1929 3695 1994 3761 est,
2016 3682 2166 3747 ordinem

1189 3768 1352 3846 divinum,
1376 3788 1438 3832 seu
1458 3766 1566 3832 Deum
1588 3769 1697 3853 ipsum
1719 3769 1926 3834 ordinantem
1948 3778 1981 3834 et
2001 3768 2165 3833 vindicem

1187 3854 1309 3919 adesse
1331 3855 1365 3917 in
1387 3862 1457 3917 tota
1477 3863 1608 3918 natura.
1913 3852 1919 3860 ’

1183 4066 1197 4083 ·
1250 4038 1333 4104 Ἄλλᾶ
1354 4038 1388 4104 ni
1408 4044 1463 4121 μὲν
1482 4042 1603 4125 πρῶτον
1623 4040 1751 4123 scrupos
1772 4039 1823 4105 daei
1844 4039 1871 4104 τ’
1893 4039 2116 4150 εὖρνμέδοντος,
2217 4030 2220 4035 ’

1250 4129 1384 4210 Αἴθερος
1404 4125 1527 4207 martas
1547 4134 1663 4196 πέταται
1683 4133 1736 4192 καὶ
1756 4126 1884 4191 ἀπλέτου
1906 4151 2008 4210 onyas.

1273 4311 1450 4381 Secundus
1477 4333 1561 4380 usus
1578 4313 1680 4401 Legis
1703 4326 1755 4380 est
1781 4315 1937 4380 iudicium
1958 4309 2163 4394 universale,

1186 4419 1350 4466 aemsans
1373 4403 1482 4466 omnia
1508 4411 1647 4486 peccata
1667 4401 1701 4465 in
1722 4399 1922 4478 homiuibus,
1949 4399 2108 4465 interiora
2129 4408 2164 4465 et

1186 4488 1361 4566 exteriora,
1376 4497 1523 4552 ettotam
1542 4487 1819 4572 depravationem,
1837 4484 2046 4550 iuxtadicta:
2068 4483 2164 4551 Deus

1186 4583 1239 4638 est
1260 4573 1348 4659 ignis
1372 4592 1585 4639 consumens.
1629 4572 1723 4636 ltem:
1745 4571 1791 4636 Ut
1812 4581 1903 4635 totus
1921 4569 2063 4636 mundus
2076 4576 2164 4638 'reus

1185 4659 1230 4723 sit
1246 4657 1333 4723 Deo.
1376 4657 1476 4723 ltem:
1500 4658 1565 4723 Per
1586 4657 1711 4744 Legem
1732 4656 1880 4744 cognitio
1898 4657 2040 4743 peccmi.
2067 4655 2165 4724 ltemt

1185 4741 1335 4810 Aculeus
1357 4744 1473 4810 mortis
1495 4755 1669 4829 peccatum
1690 4752 1753 4822 est,
1775 4743 1924 4828 potentia
1945 4745 2077 4828 peccati
2086 4741 2160 4810 Lex

1185 4841 1248 4898 est.
1275 4830 1398 4897 'liuius
1418 4831 1530 4896 iudicii
1558 4831 1592 4894 in
1615 4829 1811 4895 contritione
1837 4827 1950 4917 aliqua
1969 4830 2061 4895 initia
2087 4847 2164 4893 san·

1184 4921 1246 4984 tire
1267 4928 1411 5004 oportet,
1431 4919 1487 4982 ubi
1509 4917 1678 4995 discimus,
1701 4914 1793 5004 Lege
1820 4937 1889 4983 uon
1910 4913 2088 4982 iustificari
2102 4914 2164 4980 ho·

1184 5006 1308 5155 ppiptes,
1339 5005 1402 5070 sed
1430 5002 1600 5097 accusari,
1625 5003 1717 5070 iuxta
1742 5005 1883 5071 dietum:
1909 5001 1984 5069 Lex
2011 5003 2094 5069 iram
2115 4993 2163 5067 ef·

1209 5109 1229 5157 0
1371 5136 1376 5147 Ι
1451 5124 1456 5131 ,
1666 5113 1669 5116 Α

1530 1749 1601 1792 eus.
1646 1728 1720 1793 Vae
1747 1731 1803 1814 qui
1825 1727 1971 1814 spolias,
1993 1731 2071 1816 quia
2092 1750 2171 1816 spo·
2268 1796 2271 1801 .
