4628 5588
162 186 228 255 lut

161 382 240 441 runt
260 372 296 438 in
315 370 444 458 populo
465 370 542 450 Dei,
565 390 633 439 non
654 367 741 436 alios
762 383 858 449 extra
868 366 1067 448 Ecclesiam
1089 388 1142 434 se-

207 461 272 524 'tur
291 460 485 524 necessario
508 459 704 522 inserendos
726 477 803 522 esse
823 453 1008 521 Ecclesiae.
1053 454 1141 521 Con·

161 481 217 610 lm
256 554 272 609 t
304 545 442 609 eandem
463 542 627 608 Minorem
661 553 694 607 et
725 541 792 607 alia
819 542 983 607 sententia
1004 539 1140 622 Christi,

160 628 331 698 videlicetr
353 631 458 699 Sinite
479 626 640 713 parvulos
661 629 777 694 venire
788 629 832 693 ad
843 649 908 705 me,
928 625 1042 692 talium
1053 628 1139 693 euim

160 726 212 782 esi
229 736 372 802 regnum
395 712 649 781 coelorum.‘'Et
668 710 816 864 hanimir
836 714 879 779 da
899 709 1082 779 infantibus
1103 713 1138 776 in

70 812 73 817 '
204 800 284 885 pulo
306 799 371 866 Dei
391 800 484 887 Ergo
517 811 658 875 testatur
726 801 822 885 'quos
856 797 1001 864 inientes
1022 795 1138 863 salvos

183 888 249 966 eri,
284 897 317 953 et
350 888 485 972 quidem
509 883 605 965 illos,
637 884 695 973 qui
715 896 794 951 sunt
814 887 931 952 inserti
952 880 1139 951 Ecclesiae.

245 1036 405 1120 Tertium,
415 1038 492 1105 Non
514 1050 566 1104 est
587 1039 742 1104 remissio
763 1050 975 1123 peccatorum
998 1010 1139 1105 sinenti·

408 1124 547 1191 nisterio
568 1127 663 1192 verbi
685 1135 719 1192 et
742 1125 1046 1193 Sacramentorum.

314 1274 460 1347 infantes
471 1275 595 1345 habeut
607 1299 691 1363 opus
703 1279 901 1345 remissione
909 1290 1138 1363 peccatomm,

314 1431 413 1583 lirgsc¹
428 1429 607 1498 insontibus
618 1430 851 1519 applicandum
862 1443 914 1499 est
925 1431 1139 1497 ministerium

415 1530 670 1586 crementorum.

246 1667 407 1736 Maiorem
450 1670 624 1737 confirmat
661 1672 747 1738 haec
785 1671 951 1736 sententia
982 1670 1052 1738 lob.
1084 1670 1139 1736 20.

160 1754 311 1829 Quorum
338 1757 532 1822 remiseritis
585 1767 720 1836 cecata,
753 1758 960 1822 remittentur
992 1759 1041 1821 eis
1073 1769 1137 1822 etc.

159 1842 322 1908 Minorem
351 1841 525 1909 confirmat
575 1840 670 1908 aulus
692 1842 788 1907 Rom.
806 1842 838 1906 5.
871 1842 996 1926 pres.
1017 1844 1049 1906 2.
1082 1843 1139 1908 ubi

161 1937 307 1992 testatur
334 1926 479 1993 infantes
508 1947 623 1993 secum
650 1927 769 1993 afferre
789 1939 964 2011 peccatum
987 1929 1138 2015 originis,

159 2011 226 2079 boc
248 2025 313 2093 est,
336 2024 463 2079 reatum
484 2024 518 2080 et
540 2015 785 2098 corruptionem
806 2025 955 2079 naturae.

260 2165 420 2239 Quartum
453 2180 698 2251 argumentum:
741 2167 924 2234 Promissio
956 2163 1131 2254 Evangelii

314 2253 457 2338 pertinet
479 2253 522 2317 ad
543 2253 700 2333 inientes,

313 2404 406 2492 Ergo
423 2418 457 2470 et
469 2404 730 2484 Sacramentum,
753 2407 842 2491 quod
854 2416 904 2470 est
915 2407 1139 2470 testimoninm

313 2492 555 2574 promissionis,
578 2504 610 2555 et
632 2493 775 2578 signum,
797 2494 886 2576 quod
897 2490 1064 2578 significat
1082 2513 1139 2577 ap·

314 2574 430 2660 plicari
450 2578 716 2663 promissionem.

246 2778 493 2866 Consequentia
520 2779 626 2859 valet,
664 2781 760 2867 quia,
793 2782 836 2846 ad
868 2802 966 2866 quern
998 2781 1140 2864 pertinet

161 2868 348 2953 promissio,
371 2888 457 2952 quae
479 2877 531 2931 est
551 2865 747 2951 principale,
769 2868 811 2931 ad
834 2869 975 2932 eundem
997 2869 1140 2950 pertinet

112 2992 119 3004 ·
161 2954 311 3039 signum,
344 2953 432 3037 quod
460 2964 512 3018 est
528 2964 618 3018 nota
638 2953 880 3037 promissionis.
924 2953 1139 3017 Antecedens

160 3035 371 3103 manifestum
393 3049 455 3117 est,
477 3040 554 3124 quia
574 3037 719 3104 infantes
741 3059 808 3105 non
822 3040 885 3105 nisi
896 3050 1034 3123 propter
1046 3037 1139 3103 Chri·

160 3135 249 3190 stum
280 3122 465 3190 salvantur.
510 3122 551 3189 Et
584 3126 658 3208 ipse
685 3126 806 3209 inquit:
851 3123 955 3191 Sinite
977 3122 1138 3209 parvulos

161 3194 276 3276 venire
296 3211 340 3276 ad
362 3228 426 3274 me.

246 3397 416 3473 Quintum
462 3395 681 3463 circumcisio
719 3399 753 3461 in
786 3398 892 3462 veteri
923 3396 1137 3464 Testamento

264 3480 269 3489 ’
462 3495 535 3548 erat
555 3483 749 3549 necessaria
770 3481 964 3563 infantibus,
987 3487 1137 3572 utsigni·

460 3567 576 3635 ficeret
603 3569 646 3633 ad
676 3588 736 3634 eos
757 3571 922 3673 pertinere
969 3570 1137 3634 comissio-

459 3675 536 3721 nem
562 3655 707 3743 gratiae,
741 3651 913 3720 videlicet:
982 3676 1020 3719 ro
1042 3651 1137 3720 Deus

463 3760 588 3820 eorum,
607 3752 641 3805 et
652 3737 1049 3826 utinsererentorpoprdo
1061 3741 1137 3806 Dei.

406 3907 499 3997 Ergo
522 3909 713 3995 Baptismus
742 3911 776 3976 in
810 3930 899 3976 noro
920 3909 1136 3976 Testamenta

462 4007 515 4063 est
535 3996 749 4062 necessarius
771 3996 962 4063 insentibus.

244 4144 346 4212 Valet
368 4151 625 4234 consequentia,
648 4153 726 4236 quia
747 4150 947 4238 significatio
969 4151 1136 4229 convenit,

158 4233 248 4318 quod
279 4235 396 4299 attinet
427 4235 470 4299 ad
503 4237 755 4317 promissionem
829 4237 924 4303 atiae.
978 4235 1021 4301 Et
1041 4233 1136 4303 Deus

156 4316 234 4435 bul-t·
247 4337 326 4386 esse
346 4318 466 4386 efficax
487 4340 549 4406 per
568 4319 718 4388 Verbum
738 4334 772 4388 et
818 4334 1053 4389 armamentum.

16 4645 23 4655 ⁵
119 4794 153 4882 3
243 4646 246 4651 Ι
332 4732 442 4838 oua
472 4733 960 4849 arguescmpommr
1044 4648 1046 4652 ¹

129 5046 136 5051 .
245 4982 463 5055 &marta
507 4983 712 5072 riucipaliter
731 4998 810 5054 runt
830 4988 929 5074 signa
943 4990 1136 5074 promissio-

158 5088 239 5138 m
258 5070 453 5140 divium.

861 179 917 248 m.
960 177 1235 249 cumensem
1251 178 1467 248 euenum

568 5092 589 5139 e
614 5073 794 5160 praecipua
815 5070 983 5165 siguificat
1001 5072 1136 5162 Baptis-

1191 390 1285 448 mus,
1317 372 1569 454 promissionem
1591 368 1782 458 Evangelii,
1804 372 1892 457 qnod
1913 382 2051 458 propter
2072 369 2168 437 Chri·
2270 417 2277 425 -

1192 468 1278 520 stum
1302 457 1445 521 donetur
1466 458 1563 522 nobis
1585 459 1737 524 remissio
1760 469 1985 542 peccatorum,
2007 469 2040 522 et
2061 455 2179 542 Spirl?

1191 552 1247 606 tus
1270 554 1419 607 sanctus.
1463 542 1577 629 ltaque
1605 545 1726 607 mersio
1749 543 1914 631 significat
1936 541 2026 608 ablui
2048 562 2168 628 pecco·

1191 639 1237 706 ta,
1258 638 1291 692 et
1312 629 1417 714 mergi
1438 630 1630 694 inmoitem
1652 627 1794 708 Christi,
1816 631 1893 715 quia
1913 641 2091 714 peccatum
2113 629 2168 692 de-

1191 711 1294 781 letum
1316 726 1380 793 est,
1403 727 1436 778 et
1457 716 1623 800 promissa
1646 735 1735 780 nova
1757 726 1789 780 et
1811 729 1947 781 aeterna
1969 716 2049 779 vita.
2072 714 2193 778 Post·-

1192 819 1233 864 ea
1265 802 1430 865 accedunt
1462 798 1548 866 aliae
1574 800 1853 885 significationes,
1885 820 1972 886 quaa
1992 801 2036 865 ad
2056 819 2168 865 mores

1191 896 1327 949 nostros
1355 887 1529 970 pertinent
1572 888 1697 953 Mersio
1723 886 1889 974 significat
1914 888 2019 971 merg‘
2047 903 2112 951 nos
2134 883 2169 949 iu

1191 981 1330 1048 mortem
1364 983 1397 1037 et
1428 970 1627 1039 afflictiones
1659 983 1696 1038 ut
1717 972 1842 1039 abolita
1865 992 1969 1038 carne
1990 970 2169 1051 immunda,
2268 984 2272 991 ‘

1191 1077 1330 1159 prorsus
1352 1058 1503 1124 deleatur
1532 1069 1717 1164 peccatum.
1763 1057 1930 1145 sicergo
1961 1057 2168 1141 Baptismum

1192 1155 1375 1208 intueamur
1397 1146 1429 1208 in
1453 1165 1541 1209 orum
1563 1147 1648 1223 vita,
1676 1156 1713 1209 ut
1737 1165 1800 1210 uos
1827 1146 1968 1230 primum
1991 1146 2169 1209 admoneat
2244 1153 2247 1156 ’

1191 1229 1234 1292 de
1255 1227 1425 1296 voluntate
1446 1229 1510 1295 Dei
1532 1252 1614 1317 erga
1634 1250 1719 1308 nos,
1740 1231 1830 1317 quod
1852 1249 1931 1295 vere
1951 1249 2014 1294 nos
2036 1247 2170 1313 recepe-

1191 1316 1245 1393 rit,
1267 1327 1300 1380 et
1321 1315 1402 1390 velit
1424 1313 1535 1382 delere
1556 1329 1739 1401 peccatum.
1783 1315 1877 1382 llaec
1898 1313 1983 1380 fides
2005 1314 2170 1379 exuscitet

1191 1400 1443 1468 invocationem.
1505 1404 1635 1468 Deinde
1667 1404 1843 1467 admoneat
1875 1420 1937 1465 nos
1970 1403 2092 1465 mersio
2127 1400 2170 1464 de

1192 1487 1389 1566 obedientia,
1410 1491 1501 1574 qnod
1523 1490 1566 1555 ad
1588 1485 1788 1553 aillictiones
1810 1488 1920 1553 vocati
1944 1487 2060 1553 simus.

1428 1968 1503 2053 DE
1533 1968 1926 2055 POENITENTIA.

1278 2251 1488 2319 Vocabulum
1511 2254 1735 2319 Poenitentiae
1755 2255 1789 2319 in
1811 2250 1967 2320 Ecclesia
1987 2265 2169 2338 usurpatur

1191 2358 1253 2422 pro
1277 2342 1497 2404 conversione
1518 2339 1690 2417 adDeum,
1713 2351 1745 2404 et
1766 2360 1828 2405 nos
1851 2343 2008 2408 usitatum
2030 2343 2169 2406 verbum

1192 2425 1383 2502 retinemus,
1404 2437 1441 2489 ut
1463 2423 1591 2489 facilius
1619 2426 1758 2511 agnosci
1779 2425 1877 2490 locus
1900 2426 2070 2491 doctrinae
2090 2445 2169 2511 pos·

1192 2512 1245 2574 sit.
1290 2510 1376 2574 Sunt
1409 2522 1517 2575 autem
1539 2524 1652 2595 partes
1673 2513 1894 2595 poenitentiae
1919 2513 2017 2589 duae,
2041 2511 2170 2577 Contri-

1190 2596 1237 2660 tio
1261 2608 1294 2660 et
1316 2580 1425 2659 Fides.
1459 2595 1621 2660 Contritio
1642 2595 1807 2681 significat
1827 2608 1973 2662 terrores
1996 2599 2169 2663 conscien-

1190 2683 1268 2759 tiae,
1290 2683 1505 2766 agnoscentis
1528 2693 1702 2765 peccatum
1721 2693 1753 2745 et
1775 2684 1858 2746 iram
1880 2681 1962 2760 Dei,
1991 2702 2032 2747 ac
2055 2680 2168 2748 dolen-

1191 2769 1232 2831 tis
1254 2780 1391 2852 propter
1412 2780 1562 2851 peccata.
1606 2766 1703 2832 fiunt
1724 2777 1834 2832 autem
1851 2768 1886 2833 hi
1909 2779 2069 2845 terrores,
2093 2789 2169 2833 cum

1191 2851 1408 2937 Evangelium
1430 2855 1538 2939 arguit
1556 2864 1708 2938 peccata,
1730 2874 1827 2938 quam
1849 2854 1893 2918 ad
1915 2875 1985 2918 rem
1996 2857 2098 2919 utitur
2109 2855 2167 2919 mi·
2283 2914 2287 2920 ,

1190 2940 1327 3002 nisterio
1352 2938 1464 3003 Levis.
1507 2938 1560 3003 Ac
1591 2958 1735 3003 necesse
1768 2951 1819 3005 est
1841 2941 1985 3004 existere
2008 2953 2077 3005 terr
2118 2958 2168 3018 es,

1190 3025 1277 3089 sicut
1309 3025 1387 3089 dicit
1401 2989 1492 3089 loct:
1527 3024 1675 3090 Scindite
1709 3026 1813 3089 corda
1845 3037 1967 3090 vestra.
2012 3027 2054 3090 Et
2110 3026 2167 3090 'ab

1189 3109 1255 3175 Ubi
1276 3108 1435 3174 habitabit
1457 3109 1641 3176 Dominus?
1663 3109 1698 3174 ln
1721 3111 1840 3194 spiritu
1862 3113 2005 3176 contrito
2025 3123 2090 3177 etc.
2122 3103 2191 3175 Et‘

1189 3195 1279 3260 Esai.
1304 3195 1333 3259 1.
1359 3194 1528 3260 ¹Desinite
1559 3203 1720 3281 perverse
1749 3217 1861 3283 agere.
1903 3195 2166 3263 Ethech.18.

1190 3280 1274 3345 Cum
1296 3283 1451 3346 averterit
1472 3302 1511 3348 se
1532 3283 1649 3368 impius
1672 3284 1714 3347 ab
1732 3285 1898 3368 impietate
1919 3303 1981 3348 sua
2003 3295 2067 3348 etc.
2095 3282 2168 3348 Nec

1189 3377 1299 3430 tamen
1332 3381 1477 3432 meretur
1499 3367 1659 3434 Centritio
1692 3371 1920 3434 remissionem
1941 3381 2167 3454 peccatorum,

1190 3450 1258 3515 lmo
1281 3454 1343 3516 nisi
1367 3452 1450 3518 tides
1473 3456 1667 3533 accederet,
1702 3456 1856 3519 contritio
1885 3467 1918 3519 et
1940 3466 2087 3519 terrores
2109 3454 2169 3517 ad·

1189 3533 1315 3603 l'errent
1346 3541 1610 3623 desperationem
1640 3551 1673 3603 et
1706 3551 1874 3605 aeternam
1907 3550 2060 3603 mortem,
2101 3537 2167 3602 Ne·

1190 3643 1287 3688 cesse
1310 3636 1363 3688 est
1383 3626 1483 3709 igitur
1505 3637 1537 3689 et
1559 3626 1601 3689 de
1622 3621 1727 3688 altera
1748 3636 1843 3708 parte
1855 3622 2027 3688 Ecclesiae
2040 3623 2167 3700 doceri,

1189 3720 1225 3773 ut
1257 3710 1398 3773 accedat
1426 3706 1622 3775 consolatio.
1686 3709 1797 3781 Quare
1829 3709 2082 3792 proponendum
2114 3720 2168 3774 eet

1189 3792 1418 3880 Evangelinm,
1441 3796 1473 3858 in
1491 3815 1557 3880 quo
1576 3794 1773 3877 promittitur
1789 3795 2168 3880 rerrrissiopeccatorum

1188 3892 1326 3964 propter
1348 3879 1526 3956 Christum,
1547 3900 1633 3965 quae
1655 3899 1735 3943 vere
1752 3881 1799 3946 ita
1820 3880 1981 3959 donatur,
2004 3902 2079 3947 cum
2101 3879 2168 3944 ilde

1187 3967 1361 4030 statuimus
1384 3965 1481 4029 nobis
1514 3985 1581 4029 non
1614 3977 1750 4050 propter
1783 3967 1976 4052 dignitatem
2004 3977 2166 4042 nostram,

1188 4061 1244 4115 aut
1266 4071 1380 4133 opera,
1400 4063 1458 4145 aut
1481 4050 1630 4130 virtutes,
1653 4053 1713 4117 sed
1734 4064 1872 4137 propter
1893 4050 2081 4130 Christum,
2112 4049 2167 4135 qul

1187 4156 1249 4220 pro
1271 4137 1370 4201 uobis
1392 4133 1501 4202 factus
1525 4150 1576 4203 est
1601 4139 1743 4218 uictima,
1767 4141 1871 4224 gratis
1885 4139 2005 4203 remitti
2017 4147 2166 4220 peccata.

1189 4221 1339 4306 Suntque
1372 4222 1543 4288 ducendae
1575 4222 1766 4301 Ecclesiae,
1795 4245 1837 4289 ne
1870 4221 1960 4288 aliud
1993 4230 2167 4308 quaerant,

1187 4318 1319 4389 praeter
1340 4304 1428 4372 hanc
1445 4307 1561 4388 fidem,
1590 4320 1627 4373 ut
1647 4321 1833 4373 mereantur
1844 4308 2073 4373 remissionem
2084 4326 2167 4390 pee-

1118 4414 1121 4419 ’
1188 4402 1356 4458 catorum·
1394 4391 1608 4460 Conscientia
1635 4395 1723 4458 anim
1744 4393 1834 4459 solet
1854 4391 1941 4459 alias
1966 4386 2167 4457 consolatio·
2248 4462 2253 4477 .

1187 4496 1267 4557 nes,
1287 4489 1420 4563 praeter
1441 4477 1539 4544 fidem
1559 4497 1731 4563 quaerere.
1776 4476 1888 4552 Quare
1910 4498 1977 4542 non
1998 4477 2073 4541 sine
2095 4495 2167 4541 cer·

1187 4564 1656 4714 taminamagnoorevocatrrr
1676 4562 1860 4669 aduiidem:
1904 4561 2087 4628 Discamus
2107 4562 2166 4650 lgi-
2220 4584 2224 4593 ·

1185 4646 2166 4834 swstmss‘nsumanssss:

1187 4818 1274 4884 dam.
1307 4819 1445 4894 Quoties
1467 4820 1641 4907 incipimus
1661 4822 1831 4900 invocare,
1852 4819 1940 4888 baec
1962 4820 2047 4887 fidas
2068 4841 2165 4906 prae·

1186 4902 1309 4984 luceat,
1333 4907 1508 4971 credamus
1530 4907 1626 4971 nobis
1647 4907 1791 4993 ignosci,
1813 4927 1877 4972 nos
1889 4906 2034 4992 reputari
2044 4907 2165 4987 tostos,
2232 4912 2235 4921 '

1185 5009 1250 5055 uos
1278 4992 1427 5056 exaudiri
1456 5001 1595 5075 propter
1617 4990 1812 5059 Pontificem
1835 4990 2015 5059 Christum.
2059 4989 2109 5057 lta
2129 4992 2165 5057 ln

1187 5077 1275 5140 onmi
1306 5077 1516 5142 invocatione
1546 5073 1632 5142 haec
1663 5077 1760 5158 tides,
1791 5099 1857 5166 qua
1879 5079 2043 5147 creditura
2063 5077 2164 5144 nobie
