4628 5588
171 174 218 243 w

342 377 347 385 ’
421 364 535 448 XHL
567 362 883 477 Argumentum.
922 312 928 322 ⁶

228 571 415 657 Maxima
444 570 572 653 virtus
603 568 782 653 maxime
813 550 1014 652 iustificat

228 692 402 775 Dilectio
434 701 498 774 est
521 691 701 773 maxima
731 690 869 794 virtus,
964 722 971 730 ·

228 812 337 924 Ergo
369 812 548 894 maxime
578 808 779 894 iustificat

254 1009 324 1076 Res
348 1011 468 1075 ondeo.
513 1008 673 1076 Concedo
707 1021 811 1075 totum
843 1020 1073 1096 argumentum
1108 1007 1150 1073 de

168 1099 293 1165 iustitia
378 1097 442 1184 gis.
487 1094 554 1162 Sed
588 1098 664 1183 quia
696 1117 764 1161 non
798 1096 959 1160 habemus
987 1097 1149 1180 integram

168 1185 323 1250 iustitiam
346 1182 461 1269 Legis,
480 1179 699 1268 Evangelium
717 1184 936 1248 concionatur
958 1181 998 1246 de
1017 1178 1093 1260 alia,
1117 1192 1151 1245 et

170 1272 270 1336 docet
297 1270 449 1354 imputari
473 1268 620 1333 credenti
642 1269 800 1333 iustitiam
831 1279 966 1353 propter
989 1266 1150 1331 Mediato-

167 1376 250 1421 rem.
301 1354 394 1420 llaec
424 1365 477 1418 est
505 1353 646 1440 simplex
674 1366 707 1419 et
736 1375 818 1420 vera
844 1354 1038 1437 responsio,
1065 1373 1151 1439 quae

168 1438 329 1527 prolixius
365 1438 523 1524 explicari
555 1452 683 1525 potest,
718 1441 747 1503 si
805 1441 854 1503 uis
886 1438 1044 1525 postulat.
1099 1439 1151 1505 Ac

170 1528 339 1593 sciendum
363 1539 426 1606 est,
448 1524 551 1613 longe
569 1525 657 1592 aliud
682 1547 771 1606 esse,
780 1462 883 1612 loqui
907 1528 949 1590 de
972 1522 1151 1591 collatione

168 1616 324 1680 virtutum
342 1614 428 1676 inter
439 1632 526 1691 sese,
545 1609 633 1677 aliud
653 1613 695 1677 de
713 1613 907 1678 remissione
922 1625 1149 1696 peccatorum,

146 1743 148 1748 ·
170 1710 205 1765 et
225 1696 497 1766 reconciliatione
508 1718 632 1764 coram
649 1699 741 1764 Deo.

350 2107 355 2116 .
419 2028 553 2113 XIIIL
585 2027 899 2138 Argumentum.

229 2216 271 2341 sa
289 2218 364 2418 das
394 2217 436 2300 n
466 2184 595 2300 viam
625 2217 794 2328 ngredi,
825 2245 943 2301 serva
973 2234 1090 2300 man-

320 2351 395 2420 ata.
623 2361 628 2368 ·
994 2364 996 2367 ·

229 2457 336 2568 Ergo
374 2469 417 2538 et
456 2457 544 2538 fieri
582 2456 672 2539 Lex
702 2469 857 2567 potest,
900 2468 944 2539 et
981 2457 1090 2539 bona

288 2607 415 2690 opera
445 2589 651 2659 merentur
683 2578 809 2658 vitam
840 2589 1058 2660 aeternam

255 2759 458 2843 Respondeo
480 2734 641 2823 brevitet:
672 2755 836 2846 lntellige,
859 2778 960 2823 serva
981 2758 1149 2838 mandata,

170 2845 300 2912 scilicet
333 2843 587 2930 complectendo
614 2842 856 2930 Evangelium:
884 2844 969 2909 Nam
998 2842 1151 2910 Christus

169 2933 246 2999 finis
264 2942 316 2997 est
336 2932 449 3017 Legis.
482 2931 535 2997 Ac
557 2950 690 3015 semper
699 2928 865 3016 legalibus
888 2931 985 2996 dictis
1007 2951 1152 2996 necesse

171 3030 224 3084 est
246 3018 370 3083 addere
398 3038 517 3084 vocem
543 3013 735 3104 Evangelii,
764 3019 854 3102 quod
885 3019 986 3082 docet
1013 3017 1079 3080 fide
1101 3038 1152 3083 re·

162 3101 340 3171 'conciliari
363 3098 544 3192 hominem,
566 3114 599 3167 et
620 3100 717 3167 simul
741 3104 893 3168 inchoari
920 3104 1152 3184 obedientiam,

170 3202 313 3275 accepto
356 3187 502 3276 Spiritu
527 3200 665 3267 sancto,
709 3200 743 3253 et
782 3187 917 3275 placere
965 3190 1152 3255 inchoatam

171 3277 392 3343 obedientiam
409 3287 547 3363 propter
569 3274 806 3353 Mediatorem,
837 3276 966 3339 etiamsi
995 3274 1153 3361 languida

170 3375 204 3429 et
226 3363 356 3441 infirma
379 3373 442 3427 est.
487 3360 579 3426 Haec
600 3366 744 3424 ἐπιείκεια
767 3381 928 3446 expressa
950 3374 1014 3440 cst,
1038 3360 1152 3426 Roma.

170 3448 201 3517 8.
247 3447 338 3514 ldem
366 3448 466 3534 igitur
500 3445 573 3513 vult
600 3449 722 3512 dictum
752 3445 862 3511 Pauli:
895 3445 1000 3512 hlilita
1033 3449 1153 3512 bonam

113 3607 118 3614 ,
169 3531 337 3612 militiam,
371 3535 518 3598 retinens
552 3533 649 3598 fidem
682 3544 715 3602 et
749 3533 869 3597 bonam
904 3534 1153 3598 conscientiam.

169 3619 255 3685 Hinc
277 3640 344 3684 non
368 3621 528 3704 sequitur,
550 3618 632 3705 Legi
655 3618 812 3683 satisfieri
833 3621 865 3683 in
887 3617 952 3684 bac
976 3621 1053 3698 vitu,
1076 3621 1154 3704 quia

169 3726 239 3771 vox
257 3702 430 3791 Evangelli
459 3726 619 3790 expresse
648 3705 741 3770 dicit:
783 3703 912 3770 Sensus
943 3707 1054 3769 carnis
1084 3725 1153 3768 non

172 3802 224 3856 est
245 3793 398 3857 subditus
420 3789 514 3878 Legi,
536 3813 577 3856 ac
598 3813 641 3856 ne
664 3802 775 3875 potest
797 3793 927 3876 quidem
950 3792 1059 3856 subdi.
1101 3791 1153 3856 Ac

124 3926 127 3931 -
170 3899 239 3943 noo
262 3879 422 3964 sequitur,
444 3877 577 3941 Bonao
602 3898 660 3943 era
682 3897 759 3941 esse
776 3879 926 3942 meritum
945 3879 1032 3942 vitae
1049 3889 1153 3942 aeter·

171 3983 252 4043 nae,
282 3966 359 4050 quia
388 3962 473 4027 fides
499 3899 700 4050 praelucens
728 3963 833 4048 gratis
864 3965 984 4047 accipit
1016 3975 1154 4049 propter

171 4048 391 4116 Mediatorem
408 4051 638 4115 remissionem
658 4060 897 4134 peccatorum,¹
913 4062 946 4115 et
966 4049 1152 4116 haeredita·

172 4146 239 4202 tem
269 4138 359 4202 vitae
388 4147 556 4202 aeternae.

440 4465 537 4549 xv.
569 4444 884 4579 manentum.

235 4686 317 4790 Qui
347 4718 430 4770 non
460 4688 599 4799 diligit,
631 4700 772 4781 manet
801 4689 843 4770 in
874 4698 1015 4770 morte.

233 4807 341 4920 Ergo
373 4839 455 4892 non
484 4809 569 4892 sola
598 4807 699 4892 Fide
730 4836 868 4891 sumus
898 4808 1001 4891 iusti.
1044 4803 1049 4813 ’

198 4954 204 4965 ’
260 5006 474 5093 Respondeo.
505 5007 604 5095 Nego
620 5026 723 5073 conse
748 5006 903 5085 uentiam,
924 5007 1004 5093 quia
1017 5015 1071 5071 est
1092 5002 1152 5070 fal·

98 5182 113 5203 ·
173 5090 262 5160 lucia
283 5114 306 5161 a
328 5114 524 5174 noncausa,
546 5105 583 5161 ut
606 5114 721 5161 causa.
768 5093 814 5159 tsi
835 5089 923 5158 enim
944 5091 1154 5159 verimimum

569 96 640 143 Ἣ
746 110 749 114 ’
842 165 883 232 u
924 162 1116 232 axinus
1138 154 1516 232 onomasooauu.
1652 102 1682 221 ⁸.
1978 151 1982 162 ·
2146 160 2192 256 ao

1203 364 1276 435 est,
1305 349 1516 417 dilectionem
1546 370 1624 415 esse
1652 351 1686 415 in
1709 370 1892 427 converso,
1921 362 2031 416 tamen
2056 348 2190 418 dilectio

1123 464 1127 471 ·
1202 460 1270 504 non
1292 452 1346 503 est
1368 458 1470 502 causa
1492 457 1552 501 seu
1572 437 1722 501 meritum
1740 438 1945 501 remissionis
1962 452 2190 522 peccatorum,
2280 466 2290 516 j

1203 545 1265 590 seu
1286 523 1541 602 iustificationis,
1563 543 1623 588 seu
1644 520 1940 589 reconciliationis.
1976 522 2030 601 Ut,
2053 526 2189 590 verissi-

1202 632 1291 676 mum
1315 621 1379 689 est,
1403 608 1467 682 Qui
1490 629 1557 674 non
1580 621 1744 689 movetur,
1768 630 1835 673 nou
1857 609 1957 689 vivit,
1987 630 2050 674 nec
2079 622 2189 676 tamen

1203 697 1371 782 sequitur,
1403 707 1528 759 motum
1551 716 1686 761 causam
1708 715 1787 759 esse
1815 697 1922 773 vitae,
1956 697 2017 759 sed
2047 697 2116 762 vita
2137 706 2190 762 est

1203 784 1529 865 immediatacausa
1558 794 1687 847 motus:
1717 781 1766 846 lta
1795 779 1879 845 fides
1908 801 2100 868 agnoscens
2130 783 2190 847 mi·

1204 868 1423 933 sericordiam
1456 866 1520 931 Dei
1553 871 1758 952 propositam
1787 880 1926 951 propter
1957 866 2190 948 lllediatorern,

1203 955 1350 1018 ostendit
1372 954 1554 1018 bonitatem
1570 953 1648 1032 Dei,
1672 975 1738 1039 qua
1760 956 1904 1040 cognita,
1927 955 2121 1019 accenditur
2143 955 2190 1018 di·

1202 1036 1302 1104 lectio
1325 1038 1402 1117 Dei,
1425 1052 1457 1103 et
1480 1061 1540 1104 cor
1559 1041 1690 1104 subiicit
1708 1060 1747 1104 se
1769 1040 1854 1104 Deo.
1899 1038 1992 1103 Haec
2010 1040 2187 1124 responsio

1203 1128 1245 1190 ad
1269 1125 1388 1190 similia
1411 1126 1500 1191 dieta
1522 1129 1688 1212 congruit.
1719 1126 1754 1190 si
1770 1143 1899 1190 onmem
1917 1124 2016 1190 fidem
2035 1125 2187 1204 habeam,

1203 1211 1414 1278 dilectionem
1433 1224 1542 1277 autem
1560 1233 1628 1277 non
1645 1213 1796 1291 babeam,
1818 1209 1897 1276 nihil
1909 1232 1992 1275 sum.
2027 1210 2187 1276 Concedo

1201 1298 1317 1364 totum.
1362 1298 1447 1372 Quia
1480 1319 1594 1362 verum
1628 1310 1698 1375 est,
1729 1321 1749 1363 o
1775 1311 1884 1362 ortere
1911 1299 1943 1361 in
1971 1296 2188 1361 reconciliato

1202 1386 1300 1450 iidem
1312 1395 1346 1449 et
1357 1382 1566 1449 dilectionem
1582 1404 1670 1464 esse,
1695 1404 1733 1448 se
1775 1405 1841 1448 non
1859 1386 2017 1470 sequitur,
2040 1380 2189 1449 dilectio·

1202 1490 1277 1537 nem
1296 1491 1373 1537 esse
1396 1490 1532 1535 causam
1554 1490 1616 1536 seu
1637 1473 1787 1536 meritum
1809 1470 2101 1536 reconciliationis.

1470 1716 1587 1800 XVL
1618 1715 1935 1826 Argumentum
2009 1693 2015 1703 .

1262 1905 1471 1988 Naturalia
1504 1915 1599 1987 sunt
1629 1903 1909 2006 immutabilia,

1262 2024 1476 2108 Dubitatio
1508 2025 1561 2106 de
1579 2024 1900 2105 reconciliatione
1922 2033 1985 2104 est
2004 2034 2125 2103 natu·
2169 2051 2175 2066 ·

1322 2145 1424 2249 ralia,
1454 2157 1502 2226 ut
1531 2174 1639 2227 nunc
1671 2142 1838 2252 quidem
1869 2142 2080 2235 nascimur.

1203 2277 1211 2291 '
1261 2264 1370 2375 Ergo
1399 2276 1462 2347 est
1489 2264 1761 2346 immutabilis

1288 2445 1501 2531 Respondeo.
1537 2445 1696 2510 Concedo
1713 2463 1791 2507 esse
1812 2438 2046 2507 immutabilem
2064 2441 2096 2504 in
2120 2438 2186 2505 hao

1203 2530 1459 2615 depravatione,
1488 2533 1560 2596 siue
1584 2552 1668 2595 voce
1692 2526 1885 2615 Evangelii,
1909 2541 1942 2592 et
1966 2531 2039 2591 sine
2062 2524 2186 2590 auxilio

1203 2619 1327 2684 divino.
1354 2619 1571 2683 Sicutlldam
1589 2637 1656 2680 non
1679 2612 1789 2680 solum
1812 2618 1845 2679 in
1868 2615 2074 2691 dubitatione
2097 2632 2188 2675 man·
2304 2658 2312 2671 .

1204 2705 1325 2783 sisset,
1349 2705 1410 2769 sed
1432 2706 1530 2768 etiam
1549 2722 1733 2789 oppressus
1756 2712 1848 2765 esset
1870 2712 2007 2764 aeterna
2031 2699 2187 2781 despera·
2229 2721 2233 2728 ·

1203 2791 1312 2869 tione,
1341 2791 1370 2853 si
1398 2791 1576 2873 promissio
1606 2789 1734 2875 gratiae
1760 2807 1827 2851 non
1861 2783 1993 2870 prolata
2024 2795 2115 2850 esset
2144 2804 2187 2869 ert
2296 2844 2306 2861 ,

1203 2877 1278 2940 sinu
1300 2876 1426 2940 aeterni
1450 2876 1579 2955 PatriS,
1609 2886 1642 2940 et
1669 2889 1730 2960 per
1752 2873 1890 2936 verbum
1912 2871 2007 2937 Deus
2036 2870 2189 2935 flexisset

1204 2983 1264 3028 cor
1294 2961 1415 3045 Spiritu
1445 2975 1566 3026 sancto
1587 2962 1631 3025 ad
1654 2961 1906 3037 assensionem,
1936 2970 1970 3035 et
2000 2959 2049 3022 sic
2073 2960 2105 3021 in
2129 2952 2188 3020 illa

1205 3045 1432 3114 consolatione
1450 3047 1552 3113 Filius
1576 3067 1663 3113 voce
1684 3042 1859 3132 Evangelii
1883 3047 2007 3193 primos
2029 3053 2187 3128 parentes

1204 3136 1398 3199 retraxisset
1427 3156 1470 3200 ex
1497 3147 1615 3199 morte.
1667 3131 1740 3198 Hoc
1769 3153 1886 3216 exemp
1901 3153 1954 3195 um
1988 3131 2186 3209 intueamur,
2226 3186 2232 3199 .

1205 3222 1294 3307 quod
1317 3221 1481 3298 ostendit,
1505 3221 1672 3306 quomodo
1696 3218 1752 3283 liat
1773 3217 1859 3282 haec
1881 3214 2066 3281 consolatio
2089 3226 2122 3278 et
2150 3211 2187 3279 li·
2281 3219 2286 3230 '

1206 3309 1333 3373 beratio
1357 3328 1377 3371 a
1399 3308 1615 3385 dubitatione,
1638 3318 1672 3370 et
1693 3305 1794 3368 docet
1811 3305 2066 3389 promissionem
2078 3300 2187 3365 Evan-

1205 3391 1282 3480 gelii
1305 3414 1371 3457 non
1395 3414 1473 3459 esse
1498 3404 1614 3457 natura
1636 3405 1759 3466 notam,
1778 3401 1809 3454 et
1833 3390 2085 3455 discernendam
2108 3404 2187 3451 esse
2234 3398 2241 3417 ¹

1205 3501 1227 3545 a
1247 3480 1340 3566 Lege
1363 3491 1397 3544 et
1418 3482 1461 3545 ab
1484 3476 1558 3545 aliis·
1576 3475 1784 3543 naturalibus
1807 3477 1944 3540 notitiis.

1451 3773 1588 3857 XVII.
1617 3773 1932 3884 Argumentum.
2009 3760 2012 3767 ¹

1263 3981 1543 4065 Remittuntur
1578 3979 1617 4062 ei
1647 3990 1816 4091 peccata
1846 3980 1991 4082 multa,
2031 3978 2125 4087 quia

1326 4101 1468 4182 dilexit
1497 4100 1681 4217 multum.
1728 4199 1732 4211 Ι

1264 4222 1372 4332 Ergo
1393 4231 1558 4333 propter
1581 4220 1839 4302 dilectionem
1860 4219 1908 4300 fit
1932 4215 2123 4300 remissio

1289 4401 1503 4487 Respondeo.
1537 4398 1672 4486 Duplex
1696 4412 1749 4465 est
1771 4398 1948 4464 absolutio.
1983 4394 2100 4463 Altera
2119 4397 2185 4545 pri·

1204 4499 1283 4554 vata
1312 4490 1537 4553 conscientiae
1567 4486 1724 4552 luctantis
1755 4506 1829 4549 cum
1858 4487 1908 4548 ira
1934 4484 2010 4549 Dei.
2054 4483 2091 4547 ln

1203 4571 1414 4640 absolutione
1436 4593 1578 4638 necessa
1599 4586 1652 4638 est
1673 4570 1824 4655 intelligi,
1847 4571 1935 4655 qnod
1959 4572 2026 4634 lide
2043 4571 2185 4654 accipia-

1203 4673 1257 4725 tur
1285 4660 1456 4739 remissio,
1485 4680 1552 4724 non
1582 4671 1719 4745 propter
1747 4668 1881 4722 nostras
1909 4657 2061 4721 virtutes.
2106 4655 2184 4719 ldeo

1205 4757 1238 4810 et
1258 4743 1314 4810 hic
1343 4747 1448 4831 inquit
1469 4744 1646 4811 Dominus:
1678 4744 1778 4809 Fides
1801 4754 1858 4807 tua
1880 4741 2008 4806 salvam
2031 4752 2064 4805 te
2092 4739 2183 4807 fecit.

1203 4833 1276 4898 Nec
1297 4834 1411 4898 nititur
1429 4831 1511 4896 tides
1534 4830 1712 4896 dilectione
1733 4842 1865 4906 nostra,
1894 4828 1955 4892 sed
1977 4839 2104 4892 tantum
2126 4826 2185 4889 mi·

1203 4920 1388 4985 sericordia
1408 4919 1575 5004 promissa
1592 4929 1728 5002 propter
1750 4915 1978 4980 illediatorem.
2022 4913 2094 4977 Nec
2117 4911 2185 4974 cxi-

1204 5017 1294 5071 stere
1315 5002 1447 5070 dilectio
1468 5016 1596 5090 potest,
1626 5005 1691 5068 nisi
1719 5004 1763 5068 sit
1785 4997 2183 5085 apprehensaremissio.

1204 5092 1444 5179 lluepertinet
1466 5092 1607 5156 dictum:
1636 5088 1722 5157 linio
1743 5106 1860 5154 omnes
1882 5084 2071 5172 Prophetae
2091 5083 2185 5148 testi·

2144 4503 2310 4560 ac,
