4628 5588
23 1738 37 1749 “
126 1740 181 1819 sit,
204 1739 341 1821 scilicet,
365 1743 452 1807 sicut
474 1745 575 1807 certis
598 1743 796 1807 testimoniis
815 1744 994 1808 essentiam
1013 1763 1109 1807 suam

127 156 195 225 299
320 90 338 111 ·
756 153 1208 222 PillL.thL.ScR11⁷rA
1229 153 1509 223 DDGblA'l'lCA.
1599 188 1601 194 ·
2075 152 2142 220 aut

131 347 278 414 scendus
300 347 356 426 sit,
381 357 414 411 et
435 336 678 412 discernendus
700 347 742 409 ab
766 346 920 410 omuibus
943 365 1109 413 commen·
1131 342 1136 403 Ι
1244 342 1398 410 Miranda
1430 356 1463 408 et
1495 341 1689 410 dulcissima
1717 341 1946 409 consolatione
1968 343 2141 429 vagabun-

129 434 216 499 ticiis
239 434 439 498 numinibus.
487 431 638 497 Necesse
662 444 714 496 est
743 432 829 496 enini
850 430 939 496 hanc
959 433 1109 497 notitiam
1160 434 1222 498 das
1245 442 1376 497 mentes
1395 430 1545 510 retrahit,
1569 443 1602 495 et
1624 427 1740 517 alligat
1761 431 1804 495 ad
1821 428 1911 496 hunc
1924 441 2142 514 conspectum

131 519 284 585 omnibns
317 516 391 585 aliis
425 518 635 596 antecedere,
691 518 756 594 uia,
790 528 826 582 ut
849 519 979 596 dicitur,
1002 517 1109 606 lgnoti
1159 515 1234 599 Eilii
1257 515 1416 597 crucifixi,
1449 515 1650 595 resuscitati,
1683 528 1717 582 et
1736 513 1922 581 illustribus
1945 517 2146 582 testimoniis·

129 602 221 672 nulla
244 607 376 690 cupido.
442 604 515 668 Nisi
538 624 638 668 verus
660 538 754 669 lleiis
783 620 1000 738 agnoscatur,
1029 626 1110 691 quo·
1160 603 1388 669 confirmantis
1416 604 1655 688 promissiones
1689 605 1731 668 de
1752 604 1904 668 remissio
1927 614 2142 688 peccatorum

131 693 232 776 inodo
254 692 416 769 invocari,
436 690 552 767 timeri,
576 687 666 777 diligi
685 701 818 775 potest.
1160 701 1193 756 ct
1216 691 1282 755 vita
1304 702 1452 755 aeterna.

213 827 398 913 Dirigenda
420 839 472 892 est
493 828 580 891 enim
601 829 769 892 invocatio
790 829 833 892 ad
850 848 965 893 verum
988 826 1107 906 Demn‚
1246 828 1297 894 Sit
1320 847 1402 912 ergo
1425 828 1511 892 haec
1532 829 1637 913 prima
1659 822 1811 892 doctrin'a
1832 828 1865 890 in
1888 821 2076 911 Decologo,
2106 838 2141 890 ut
2208 838 2218 862 ⁹

128 928 225 1001 quem
260 937 334 980 cuni
367 935 431 980 nec
465 911 573 979 oculis
597 911 828 998 corporalibus
852 935 1010 993 cernere,
1044 935 1109 979 nec
1159 934 1275 980 verum
1295 911 1405 978 Deum
1426 933 1669 998 agnoscamus,
1696 925 1730 978 et
1757 914 1792 978 iii
1814 912 2024 981 invocatione
2051 911 2142 977 hanc

127 998 272 1067 brachiis
308 998 484 1086 complecti
513 1001 702 1085 possimus,
742 1020 884 1066 necesse
918 1012 968 1065 est
996 1014 1107 1067 tamen
1160 1001 1345 1066 doctrinam
1368 1019 1583 1065 exerceamus
1606 1010 1639 1065 ct
1661 1001 1840 1065 discamus.

129 1099 238 1152 menie
261 1099 293 1152 θῑ
316 1086 387 1177 fide.
402 1098 523 1151 'mum
540 1099 573 1152 0⁸
594 1084 730 1172 ⁰¹l⁰q¹¹¹·
1247 1136 1386 1211 Quoties
1424 1137 1542 1222 incipis
1586 1138 1830 1223 precationem,
1871 1157 1911 1201 co
1947 1148 1999 1201 tes
2032 1147 2142 1202 tecum

211 1223 284 1291 Nec
307 1227 351 1290 sit
373 1222 584 1309 compellatio
608 1236 724 1289 nostre
746 1223 863 1289 similis
882 1225 1051 1303 ethnicae,
1074 1238 1109 1290 ut
1159 1224 1239 1309 quid
1261 1214 1410 1303 in'voces,
1434 1222 1513 1309 quid
1546 1224 1609 1302 sit,
1642 1235 1674 1287 et
1705 1225 1760 1289 ubi
1784 1225 1827 1288 sit
1847 1220 1904 1289 ille
1961 1242 2021 1289 eus
2043 1242 2142 1309 quein

126 1308 303 1395 Eiuipides
335 1311 457 1396 inquit:
492 1310 522 1374 0
556 1308 651 1375 Deus
686 1311 848 1396 quidquid
870 1331 926 1389 es,
948 1313 1020 1376 sivo
1042 1311 1108 1377 hoc
1160 1307 1417 1396 compellaturus
1447 1329 1495 1387 cs,
1528 1314 1660 1374 etcum
1691 1309 1812 1395 quibus
1840 1311 1999 1378 invoces.
2034 1329 2077 1374 cn
2105 1319 2141 1373 ut

127 1394 271 1474 coelum,
304 1399 376 1462 sive
404 1394 470 1461 alia
491 1416 559 1461 res,
627 1398 693 1462 Sed
715 1398 801 1461 sciat
821 1418 916 1463 mens
938 1409 1109 1463 aeternum
1158 1394 1302 1474 Ethnici,
1324 1409 1380 1461 aut
1402 1407 1439 1461 ut
1460 1397 1567 1480 prima
1587 1393 1755 1473 Ecclesia,
1777 1395 1907 1474 Patres,
1939 1393 2139 1481 Prophetae,
2188 1391 2200 1405 “

127 1494 160 1547 et
182 1484 350 1548 immotum
372 1480 436 1547 Dei
457 1484 670 1568 praeceptum
689 1502 778 1561 esse,
805 1496 841 1549 ut
862 1505 978 1549 veiuiii
1000 1483 1109 1549 Deum
1159 1494 1193 1548 et
1214 1481 1383 1567 Apostoli,
1405 1503 1448 1546 an
1471 1492 1504 1545 et
1526 1503 1585 1546 cur
1607 1483 1771 1548 exaudiat.

125 1565 351 1673 albquamur’
393 1580 427 1665 -et
446 1589 548 1674 μω·
576 1590 596 1633 ³
643 1571 881 1634 ⁰⁰mmemi⁰ii⁵
921 1566 1135 1662 numinibus}
1245 1619 1337 1685 llaec
1368 1638 1512 1685 necesse
1546 1630 1599 1683 cst
1631 1621 1665 1684 in
1698 1620 1785 1684 omni
1817 1639 1899 1683 vcra
1929 1618 2142 1683 invocatione

126 1655 367 1733 discernamus,
389 1666 423 1719 et
443 1652 680 1740 intelligamus,
704 1656 871 1740 quomodo
900 1657 1107 1741 quaerendus
1130 1670 1135 1769 ξ
1160 1708 1309 1792 cogitari·
1354 1705 1406 1770 Ac
1428 1726 1496 1769 non
1519 1670 1643 1771 teffiere
1665 1707 1788 1770 dictum
1816 1716 1868 1770 est
1890 1725 1910 1768 a
1933 1705 2076 1789 quodam
2100 1724 2142 1768 ex

126 1839 161 1895 et
193 1824 395 1893 voluntatem
416 1826 585 1914 patefecit,
619 1840 650 1893 ct
672 1830 759 1894 sicut
782 1829 894 1893 docuit
912 1851 974 1895 suo
993 1832 1109 1908 verbo,
1130 1776 1135 1895 l
1157 1794 1340 1874 vetffllbus’
1359 1789 1585 1897 difficilllmum
1607 1813 1691 1896 99⁰⁸
1715 1792 2041 1894 ⁰⁸⁸⁶ps⁰9⁸fi⁰¹¹⁰mi
2064 1793 2142 1876 quia

1158 1899 1228 1984 non
1250 1876 1357 1944 solum
1380 1881 1516 1945 intentio
1538 1879 1721 1965 flagitatur,
1744 1880 1804 1942 scd
1827 1890 1926 1943 etiam
1948 1877 2142 1942 considera·

125 1934 164 1979 se
186 1915 425 1999 quaerendum,
448 1915 698 2000 agnoscendum
720 1926 753 1980 et
775 1914 996 1980 invocandum
1019 1898 1135 1997 esse!
1369 1968 1377 1983 .
1644 1966 1652 1983 .
1734 1966 1742 1982 .
2118 1963 2127 1981 .

1131 1978 1204 2033 itio
1238 1964 1480 2031 revelationum
1514 1976 1547 2030 et
1576 1978 1838 2030 testimoniorum
1867 1965 1909 2028 de
1930 1962 2017 2043 Deo,
2040 1975 2073 2028 ct
2095 1963 2142 2027 di·

212 2053 289 2118 ldco
323 2053 357 2115 iii
390 2053 495 2135 primo
559 2063 716 2137 raecepto
750 2051 838 2117 hanc
869 2051 1108 2120 adfirmativam
1131 2038 1134 2065 '
1159 2052 1291 2117 stinctio
1326 2054 1369 2116 ab
1404 2052 1536 2115 ethnica
1569 2052 1796 2131 invocatione,
1828 2062 1862 2115 et
1884 2052 2042 2137 cogitatio
2064 2070 2142 2135 pro·

128 2139 311 2202 orationem
333 2138 499 2222 proponit.
575 2156 618 2222 go
642 2157 716 2201 suni
726 2137 891 2202 Dominus
908 2138 1002 2203 Deus
1020 2151 1109 2219 tuiis,
1158 2139 1353 2203 missionum
1377 2149 1410 2202 et
1431 2137 1526 2202 fides,
1616 2220 1618 2224 Ι

150 2225 184 2288 ui
206 2225 359 2291 eduxite
383 2223 423 2287 de
446 2233 536 2286 terro
558 2222 714 2308 Aerypti.
777 2220 908 2289 Deinde
931 2226 1023 2290 addit
1045 2226 1135 2301 Eri-i
1281 2275 1318 2293 ..
1499 2277 1536 2307 1,
1600 2277 1634 2294 ..
1799 2276 1839 2307 ἱ,

128 2311 305 2376 cusivfflng
327 2309 403 2373 Νοῃ
425 2306 566 2374 habebpg
588 2274 674 2373 ,fios
698 2308 803 2374 Deos,
1130 2316 1135 2379 i
1246 2274 1364 2361 Dirige
1387 2272 1506 2340 oculos
1527 2294 1560 2339 in
1572 2272 1691 2341 Filium
1713 2284 1967 2341 resuscitantem
1976 2272 2143 2339 Lazarum

1160 2384 1181 2427 a
1209 2361 1360 2439 moridie,
1401 2372 1434 2426 ct
1467 2373 1625 2447 tanquam
1658 2381 1820 2447 praesens
1853 2370 2025 2446 spectator
2052 2356 2142 2424 illius

213 2444 260 2509 Ut
281 2455 391 2511 autom
413 2457 507 2510 certo
531 2447 679 2529 conspici
701 2461 812 2514 mente
834 2461 868 2512 et
888 2447 972 2529 fide,
1007 2460 1040 2513 et
1061 2449 1108 2514 di·
1131 2382 1135 2540 l
1159 2448 1300 2512 mirandi
1326 2448 1451 2532 operis,
1473 2448 1587 2533 cogita
1607 2448 1704 2513 nobis
1723 2447 1888 2532 praecipi,
1910 2457 1946 2511 ut
1963 2446 2013 2511 sio
2038 2465 2142 2534 agno·
2230 2449 2238 2457 '

67 2572 72 2579 ·
127 2532 238 2598 socrui
260 2534 303 2597 ab
325 2529 398 2595 aliis
422 2552 522 2598 verus
543 2531 638 2598 Deus
659 2538 797 2618 posset,
829 2535 941 2601 addita
963 2545 1041 2601 sunt
1062 2547 1110 2600 te·
1161 2555 1295 2599 scamus
1316 2533 1439 2613 Deum,
1457 2547 1494 2601 ut
1517 2545 1702 2599 statuamus
1724 2554 1806 2599 vere
1817 2533 1925 2598 Deum
1948 2551 2027 2598 csse
2048 2552 2142 2598 crea·

127 2618 282 2684 stimonia
300 2616 453 2698 visibilia,
477 2629 510 2684 et
531 2639 738 2705 nequaquam
760 2617 923 2701 fallentia,
944 2643 1007 2706 per
1023 2642 1110 2708 quae
1161 2633 1268 2685 torem
1291 2618 1377 2686 coeli
1399 2631 1431 2684 et
1453 2632 1574 2699 terrae,
1603 2631 1635 2685 et
1656 2618 1844 2699 hominum,
1877 2619 2012 2685 Patrem
2043 2617 2142 2683 huius

127 2716 298 2770 ostensum
320 2717 384 2782 est,
407 2706 482 2791 quis
505 2706 548 2770 sit
569 2725 670 2771 verus
691 2705 800 2786 Deus,
824 2717 858 2771 et
880 2728 966 2793 qnae
987 2709 1031 2773 sit
1052 2728 1109 2774 ve·
1160 2706 1307 2786 Domini,
1333 2707 1389 2792 qui
1411 2718 1445 2771 et
1467 2725 1601 2789 semper
1622 2708 1719 2771 adest
1727 2704 1805 2771 huic
1815 2705 1973 2786 Domino,
1997 2716 2031 2770 et
2052 2701 2143 2771 hunc

126 2792 157 2856 ri
178 2788 244 2856 Dei
265 2790 417 2856 doctrina
439 2803 472 2856 et
494 2788 661 2871 voluntas,
685 2813 759 2858 cnm
781 2794 903 2878 inquit:
927 2793 991 2867 Qui
1009 2796 1109 2862 eduxi
1160 2795 1270 2878 ipsum
1301 2790 1403 2859 filiuni
1430 2790 1611 2859 Dominum
1637 2804 1789 2857 nostrum
1822 2791 1931 2858 lesum
1959 2790 2142 2868 Christum,

94 2931 96 2934 .
127 2889 162 2943 te
184 2878 340 2952 deterre
361 2877 518 2964 Aegypti.
1161 2892 1195 2945 et
1217 2879 1375 2965 Spiritum
1408 2888 1572 2958 sanctum,
1605 2882 1692 2944 sicut
1713 2875 1880 2964 patefacta
1901 2889 1954 2943 est
1987 2878 2143 2943 divinitas

245 3034 253 3051 .
315 3027 317 3030 .
372 3034 380 3049 ,
459 3034 466 3050 ,
1133 2967 1354 3047 ‚certissimis
1376 2965 1586 3043 testimoniis,
1608 2965 1737 3030 traditis
1758 2987 1820 3051 per
1840 2964 1971 3043 Patres,
1991 2961 2145 3049 Prophe·

213 3031 275 3097 llic
294 3053 403 3096 onmia
424 3031 584 3097 miracula
613 3032 938 3117 comprehendantur
964 3034 1056 3100 facta
1076 3037 1111 3100 in
1132 3070 1137 3137 Ι
1160 3063 1226 3132 tas,
1248 3047 1377 3129 Filium,
1400 3062 1434 3115 et
1453 3048 1652 3136 ,590510105
1885 3074 1889 3081 ·

128 3116 187 3184 illo
217 3115 341 3203 populo
370 3117 448 3182 inde
469 3138 576 3202 nsque
598 3119 640 3182 ab
663 3119 773 3198 initio,
801 3118 844 3184 Et
866 3140 930 3184 nos
952 3122 1110 3205 deinceps
1133 3148 1136 3177 ε

127 3206 233 3270 misso
254 3200 337 3268 lilio
360 3204 544 3268 intueamur
566 3204 708 3269 cundem
719 3205 841 3285 Deum,
863 3209 920 3292 qui
943 3218 977 3272 et
998 3188 1137 3272 eduxitl
1247 3206 1380 3283 Deinde
1413 3219 1446 3270 et
1479 3203 1635 3272 voluntas
1658 3205 1838 3293 cogitanda
1861 3215 1925 3283 est,
1959 3198 2066 3290 qualis
2099 3204 2144 3268 sit

127 3286 286 3377 populum
308 3310 349 3354 ex
370 3288 538 3376 Aegypto,
560 3291 657 3355 editis
678 3301 746 3355 tain
767 3289 880 3357 multis
903 3294 1109 3372 testimoniis,
1160 3291 1268 3371 Deus,
1292 3302 1326 3356 et
1348 3313 1408 3358 cur
1430 3293 1594 3358 exaudiat.
1637 3290 1700 3357 Est
1718 3293 1866 3378 sapiens,
1889 3288 2073 3371 beneficiis,
2093 3290 2143 3355 iu·

128 3386 163 3442 et
181 3375 271 3441 misit
305 3372 423 3441 Filium
443 3376 564 3441 additis
586 3375 749 3442 similibus
771 3379 987 3459 testimoniis,
1015 3400 1110 3444 resu·
1161 3390 1247 3458 stus,
1271 3399 1388 3457 verax,
1411 3379 1521 3457 iudex,
1544 3389 1677 3458 castus,
1704 3375 1800 3457 liber,
1829 3377 2033 3442 misericors.
2078 3375 2143 3440 Ro·

128 3463 304 3529 scitatione
326 3473 532 3527 moi-tuorum
554 3475 587 3529 et
603 3460 690 3544 aliis,
711 3465 799 3531 sicut
815 3464 935 3531 Petnis
946 3467 1109 3531 Actorum
1161 3466 1240 3550 cipit
1261 3476 1371 3530 autem
1392 3485 1455 3530 nos
1478 3476 1511 3530 ct
1532 3466 1681 3538 exaudit,
1716 3476 1750 3529 et
1776 3475 1890 3529 servat
1908 3473 2046 3549 propter
2067 3459 2170 3526 Fili·-

129 3549 228 3614 teitio
248 3549 342 3612 dicit:
365 3546 459 3613 Deus
482 3549 665 3629 Abraham,
687 3548 826 3617 etDeus
839 3551 946 3631 lsaac,
971 3552 1109 3618 etDeus
1160 3572 1217 3618 uin
1238 3549 1465 3616 lllediatorem.
2095 3574 2105 3579 ·

128 3634 249 3715 lacob,
282 3631 376 3700 Deus
399 3633 532 3701 Petrum
555 3647 747 3707 nostrorum
769 3636 969 3726 glorificavit
993 3637 1110 3704 Filium

128 3740 225 3786 suum
248 3720 354 3786 lesum
377 3728 442 3786 etc.
508 3719 551 3786 Et
576 3724 687 3788 omnia
709 3722 821 3807 priora
843 3722 1002 3791 miracula
1024 3726 1109 3789 scia-

128 3826 203 3872 mus
236 3808 310 3871 ideo
338 3805 429 3872 iacta
452 3827 540 3886 csse,
573 3819 611 3874 ut
633 3823 747 3875 essent
768 3813 955 3876 testimonia
971 3811 1014 3875 de
1059 3831 1110 3875 ro·
1161 3796 1305 3881 ”effisffe
1328 3786 1390 3849 θεῖ·
1454 3774 1528 3878 Νῗθ
1561 3775 1771 3879 ⁰⁰¹¹l‘3ffi5950
1798 3774 1964 3859 ‘lislmffls‘
1999 3770 2069 3838 0¹¹?
2090 3792 2144 3838 ¹¹¹0

128 3893 358 3971 missionibus,
392 3905 426 3958 et
451 3895 493 3958 ,10
513 3891 579 3960 1100
600 3892 695 3974 pipo,
727 3894 871 3962 Domino
895 3910 1011 3963 „ostro
1033 3833 1110 3962 ΓΜ
1163 3862 1302 3929 deducis
1324 3862 1367 3926 ad
1388 3861 1509 3926 Lazari
1531 3862 1839 3928 resuscitationem?
1872 3860 1951 3966 quid
1983 3858 2068 3924 haec
2100 3859 2145 3924 ad

129 3977 274 4045 Christo.
605 4008 608 4013 -
1162 3967 1215 4013 me
1237 3948 1425 4033 pertinent?
1447 3947 1516 4012 lmo
1539 3968 1620 4012 vero
1633 3944 1713 4011 talia
1724 3948 1912 4012 testimonia
1934 3945 2044 4011 omnia
2066 3964 2144 4028 pro·

277 4077 281 4086 ·
1162 4046 1239 4119 pter
1259 4035 1449 4099 universam
1468 4026 1658 4099 Ecclesiam
1674 4032 1826 4098 'exhibita
1847 4043 1936 4111 sunt,
1958 4028 2039 4097 Vult
2049 4029 2143 4098 Deus
2201 4106 2204 4113 ¹

215 4132 258 4198 Et
281 4135 369 4198 sicut
390 4131 521 4212 Patres,
547 4134 727 4214 Abraham,
741 4135 858 4214 'lsaoc,
886 4136 999 4217 lacob,
1027 4136 1112 4203 bloi·
1162 4123 1197 4184 ln
1215 4117 1337 4184 ‘alffius
1359 4120 1517 4205 01Ἦῦηιίς
1538 4139 1577 4184 ⁸⁰
1600 4121 1749 4205 ⁰⁰¹¹⁵Pl⁰i
1771 4130 1804 4184 ‘l
1824 4119 1974 4205 ⁰Sfl⁰⁵⁰ls
2002 4119 2091 4183 ⁸50³*
2110 4119 2145 4184 5¹¹

39 4236 42 4243 ·
131 4238 200 4299 ses,
217 4218 343 4300 David,
365 4216 500 4299 Daniel,
523 4231 556 4285 et
577 4217 633 4286 alii
650 4221 683 4285 in
713 4224 924 4289 invocatione
945 4225 1034 4289 hunc
1056 4241 1112 4289 ve·
1163 4203 1340 4294 Deffll⁰ss⁰
1361 4206 1481 4271 lecim
1503 4206 1709 4272 ⁰⁶⁰⁰fi0¹¹⁰¹¹¹
1731 4226 1774 4270 0¹
1796 4205 1963 4294 Aegyl'w·

132 4327 204 4370 runi
237 4305 344 4371 Dciini
378 4303 505 4391 alloqui
526 4328 565 4372 se
587 4307 749 4388 sciebant,
781 4310 836 4393 qul
857 4329 896 4374 se
917 4311 951 4374 iii
996 4313 1129 4376 romis·

131 4392 283 4457 sionibus
316 4406 349 4457 et
370 4391 427 4460 illa
450 4390 626 4460 eductione
647 4415 689 4459 ex
710 4395 867 4481 Aegypto
887 4333 1107 4480 patehlccrat,

107 4489 164 4555 ¹et
197 4479 354 4561 petebant
386 4501 427 4545 ao
462 4481 643 4545 credebant
675 4501 714 4546 se
740 4492 878 4565 propter
900 4503 1014 4547 senten
1036 4505 1112 4568 pro·

130 4563 268 4627 missum
290 4565 391 4649 recipi
413 4578 447 4630 et
469 4567 627 4645 exaudiri,
650 4580 685 4631 et
706 4570 929 4654 segregabant
948 4590 1042 4636 suain
1064 4571 1112 4635 iu·

131 4650 340 4713 vocationem
362 4651 404 4713 ab
428 4652 571 4716 oiiiiiium
593 4655 739 4737 gentium
762 4653 994 4739 religionibuS,
1025 4677 1110 4743 quae

131 4735 333 4822 ignorabant
356 4738 608 4819 promissiones,
631 4741 675 4803 ita
697 4752 814 4804 nostra
835 4743 1003 4808 invocatio
1033 4763 1111 4809 eun·

131 4823 206 4886 dem
231 4841 353 4886 verum
386 4819 494 4887 Deum
526 4826 691 4890 intueatur
717 4838 751 4891 ct
778 4823 979 4911 alloquatur,
1008 4850 1111 4914 agno·

132 4928 233 4972 scens
254 4906 372 4971 Filium
395 4918 429 4970 et
451 4911 603 4993 cogitans
625 4913 864 4994 promissiones
887 4926 919 4978 ct
937 4913 1110 4994 miracula,
1718 4953 1721 4960 ·
1942 4950 1945 4955 ’

132 4996 219 5061 sicut
242 4996 314 5078 ipse
336 4994 427 5056 iubet
450 4997 563 5078 quaeri
584 4996 709 5077 Deum,
738 5000 906 5086 inquiens:
937 4999 1000 5074 Qui
1021 5003 1112 5067 videt
1249 4999 1415 5067 Aeterniis
1438 4999 1539 5065 Pater
1560 5011 1659 5065 sonat
1680 5019 1798 5067 vocem
1821 5000 1864 5065 do
1885 4997 1981 5066 Filio.
2005 4997 2073 5065 llic
2093 5009 2146 5065 est

132 5101 195 5161 nie,
217 5082 308 5148 videt
327 5077 471 5145 Patrem.
1113 5154 1116 5159 ,
1163 5077 1266 5153 Filius
1288 5108 1382 5154 meus
1406 5085 1558 5154 dilectus.

1249 3688 1342 3754 llaec
1373 3689 1484 3754 omnia
1514 3690 1548 3753 in
1581 3684 1726 3774 qnalibet
1759 3687 1969 3753 invocatione
2003 3685 2145 3772 cogitari

1249 4343 1426 4431 Proponas
1457 4343 1554 4430 igitur
1588 4340 1695 4408 oculis
1729 4344 1827 4409 etiam
1855 4340 1922 4407 alia
1944 4341 2144 4407 testimonia.

1163 4430 1206 4497 Et
1227 4432 1305 4518 quia
1326 4433 1360 4495 in
1381 4431 1496 4516 primis
1519 4426 1659 4495 illustris
1681 4426 1861 4516 patefactio
1884 4429 1991 4493 estin
2017 4428 2144 4512 baptis·

1163 4540 1217 4582 mo
1241 4516 1377 4595 Christi,
1399 4517 1486 4582 hanc
1508 4536 1610 4600 saepe
1631 4517 1677 4580 in'
1687 4517 1855 4601 precando
1875 4515 2079 4616 cogitemus,
2100 4534 2168 4581 ac.

1162 4601 1256 4668 velut
1288 4606 1320 4668 in
1353 4601 1410 4667 illa
1443 4603 1678 4668 amoenissima
1708 4604 1779 4688 ripa
1801 4601 1952 4667 lordaiiis
1975 4610 2146 4685 spectator

1162 4701 1272 4754 mente
1294 4691 1476 4767 consistas,
1498 4691 1555 4754 ubi
1576 4685 1741 4754 lohannes
1769 4689 1918 4773 baptizat
1944 4685 2045 4752 lilium
2067 4685 2146 4768 Dei,

1163 4788 1197 4840 et
1214 4787 1286 4841 tota
1307 4777 1461 4842 divinitas
1479 4798 1560 4851 ,cuni
1581 4777 1759 4862 perspicuo
1782 4774 1972 4841 discrimine
1983 4788 2151 4863 personae

1162 4882 1236 4927 rum
1258 4882 1297 4927 se
1319 4863 1474 4927 ostendit.
