<?xml version="1.0" encoding="UTF-8"?>
<!DOCTYPE html PUBLIC "-//W3C//DTD XHTML 1.0 Transitional//EN"
    "http://www.w3.org/TR/xhtml1/DTD/xhtml1-transitional.dtd">
<html xmlns="http://www.w3.org/1999/xhtml" xml:lang="en" lang="en">
 <head>
  <title>
</title>
<meta http-equiv="Content-Type" content="text/html;charset=utf-8" />
  <meta name='ocr-system' content='tesseract 3.04.00' />
  <meta name='ocr-capabilities' content='ocr_page ocr_carea ocr_par ocr_line ocrx_word'/>
</head>
<body>
  <div class='ocr_page' id='page_1' title='image "./corpusreformato03melagoog_0115.png"; bbox 0 0 4628 5588; ppageno 0'>
   <div class='ocr_carea' id='block_1_1' title="bbox 160 112 2182 256">
    <p class='ocr_par' dir='ltr' id='par_1_1' title="bbox 160 112 2182 256">
     <span class='ocr_line' id='line_1_1' title="bbox 160 112 2182 256; baseline -0.001 -25"><span class='ocrx_word' id='word_1_1' title='bbox 160 161 207 231; x_wconf 84' lang='lat' dir='ltr'><strong>ra</strong></span> <span class='ocrx_word' id='word_1_2' title='bbox 615 251 618 256; x_wconf 15' lang='lat'>¹</span> <span class='ocrx_word' id='word_1_3' title='bbox 784 112 901 231; x_wconf 77' lang='lat' dir='ltr'><strong>erm..</strong></span> <span class='ocrx_word' id='word_1_4' title='bbox 922 161 1029 231; x_wconf 73' lang='lat' dir='ltr'><strong>uer.</strong></span> <span class='ocrx_word' id='word_1_5' title='bbox 1050 160 1240 233; x_wconf 78' lang='lat' dir='ltr'><strong>scalers</strong></span> <span class='ocrx_word' id='word_1_6' title='bbox 1260 124 1542 231; x_wconf 69' lang='lat' dir='ltr'><strong>adunantes,</strong></span> <span class='ocrx_word' id='word_1_7' title='bbox 2131 166 2182 243; x_wconf 85' lang='lat' dir='ltr'><strong>so.</strong></span> 
     </span>
    </p>
   </div>
   <div class='ocr_carea' id='block_1_2' title="bbox 51 308 1141 437">
    <p class='ocr_par' dir='ltr' id='par_1_2' title="bbox 51 308 1141 437">
     <span class='ocr_line' id='line_1_2' title="bbox 51 308 1141 437; baseline -0.001 -21"><span class='ocrx_word' id='word_1_8' title='bbox 51 390 58 403; x_wconf 92' lang='lat'><strong>·</strong></span> <span class='ocrx_word' id='word_1_9' title='bbox 160 352 325 417; x_wconf 87' lang='lat' dir='ltr'><strong>accedunt</strong></span> <span class='ocrx_word' id='word_1_10' title='bbox 345 334 584 437; x_wconf 37' lang='lat' dir='ltr'><strong>ex&#39;Evangelio</strong></span> <span class='ocrx_word' id='word_1_11' title='bbox 603 308 665 416; x_wconf 84' lang='lat' dir='ltr'><strong>alii</strong></span> <span class='ocrx_word' id='word_1_12' title='bbox 678 362 759 431; x_wconf 88' lang='lat' dir='ltr'><strong>tres,</strong></span> <span class='ocrx_word' id='word_1_13' title='bbox 780 351 838 436; x_wconf 87' lang='lat' dir='ltr'><strong>qui</strong></span> <span class='ocrx_word' id='word_1_14' title='bbox 850 351 1020 416; x_wconf 78' lang='lat' dir='ltr'><strong>continent</strong></span> <span class='ocrx_word' id='word_1_15' title='bbox 1038 347 1141 417; x_wconf 90' lang='lat' dir='ltr'><strong>multo</strong></span> 
     </span>
    </p>
   </div>
   <div class='ocr_carea' id='block_1_3' title="bbox 161 434 1149 511">
    <p class='ocr_par' dir='ltr' id='par_1_3' title="bbox 161 434 1149 511">
     <span class='ocr_line' id='line_1_3' title="bbox 161 434 1149 511; baseline -0.006 -9"><span class='ocrx_word' id='word_1_16' title='bbox 161 434 385 504; x_wconf 86' lang='lat' dir='ltr'><strong>efficaciorem</strong></span> <span class='ocrx_word' id='word_1_17' title='bbox 407 437 680 511; x_wconf 81' lang='lat' dir='ltr'><strong>consolationem.</strong></span> <span class='ocrx_word' id='word_1_18' title='bbox 706 456 709 461; x_wconf 88' lang='grc'><strong><em>·</em></strong></span> <span class='ocrx_word' id='word_1_19' title='bbox 1143 463 1149 479; x_wconf 90' lang='grc'><em>·</em></span> 
     </span>
    </p>
   </div>
   <div class='ocr_carea' id='block_1_4' title="bbox 174 750 1057 894">
    <p class='ocr_par' dir='ltr' id='par_1_4' title="bbox 174 750 1057 894">
     <span class='ocr_line' id='line_1_4' title="bbox 174 750 1057 894; baseline -0.002 -26"><span class='ocrx_word' id='word_1_20' title='bbox 174 761 180 769; x_wconf 39' lang='grc'><em>’</em></span> <span class='ocrx_word' id='word_1_21' title='bbox 258 781 348 868; x_wconf 80' lang='lat' dir='ltr'><strong>Sint</strong></span> <span class='ocrx_word' id='word_1_22' title='bbox 378 783 500 894; x_wconf 83' lang='lat' dir='ltr'><strong>igitur</strong></span> <span class='ocrx_word' id='word_1_23' title='bbox 529 783 606 864; x_wconf 92' lang='lat' dir='ltr'><strong>loci</strong></span> <span class='ocrx_word' id='word_1_24' title='bbox 637 750 872 894; x_wconf 72' lang='lat' dir='ltr'><strong>Theologici</strong></span> <span class='ocrx_word' id='word_1_25' title='bbox 903 783 1057 866; x_wconf 91' lang='lat' dir='ltr'><strong>decem.</strong></span> 
     </span>
    </p>
   </div>
   <div class='ocr_carea' id='block_1_5' title="bbox 153 997 1143 1427">
    <p class='ocr_par' dir='ltr' id='par_1_5' title="bbox 153 997 1143 1427">
     <span class='ocr_line' id='line_1_5' title="bbox 153 997 1143 1079; baseline 0 -14"><span class='ocrx_word' id='word_1_26' title='bbox 153 1042 156 1047; x_wconf 94' lang='lat'><em>-</em></span> <span class='ocrx_word' id='word_1_27' title='bbox 246 1003 269 1065; x_wconf 94' lang='lat' dir='ltr'><strong>l.</strong></span> <span class='ocrx_word' id='word_1_28' title='bbox 313 997 461 1079; x_wconf 81' lang='lat' dir='ltr'><strong>Primus,</strong></span> <span class='ocrx_word' id='word_1_29' title='bbox 490 999 762 1076; x_wconf 80' lang='lat' dir='ltr'><strong>Necessitas,</strong></span> <span class='ocrx_word' id='word_1_30' title='bbox 793 1000 918 1078; x_wconf 84' lang='lat' dir='ltr'><strong>idest,</strong></span> <span class='ocrx_word' id='word_1_31' title='bbox 952 1001 1143 1065; x_wconf 89' lang='lat' dir='ltr'><strong>mandatum</strong></span> 
     </span>
     <span class='ocr_line' id='line_1_6' title="bbox 160 1084 1143 1170; baseline 0.001 -21"><span class='ocrx_word' id='word_1_32' title='bbox 160 1085 244 1164; x_wconf 81' lang='lat' dir='ltr'><strong>net,</strong></span> <span class='ocrx_word' id='word_1_33' title='bbox 275 1086 364 1170; x_wconf 85' lang='lat' dir='ltr'><strong>qnod</strong></span> <span class='ocrx_word' id='word_1_34' title='bbox 386 1086 568 1170; x_wconf 89' lang='lat' dir='ltr'><strong>praecipit,</strong></span> <span class='ocrx_word' id='word_1_35' title='bbox 595 1096 632 1148; x_wconf 87' lang='lat' dir='ltr'><strong>ut</strong></span> <span class='ocrx_word' id='word_1_36' title='bbox 653 1084 825 1149; x_wconf 84' lang='lat' dir='ltr'><strong>flectamus</strong></span> <span class='ocrx_word' id='word_1_37' title='bbox 848 1087 976 1149; x_wconf 91' lang='lat' dir='ltr'><strong>animos</strong></span> <span class='ocrx_word' id='word_1_38' title='bbox 998 1086 1042 1149; x_wconf 88' lang='lat' dir='ltr'><strong>ad</strong></span> <span class='ocrx_word' id='word_1_39' title='bbox 1064 1087 1143 1150; x_wconf 90' lang='lat' dir='ltr'><strong>ohe·</strong></span> 
     </span>
     <span class='ocr_line' id='line_1_7' title="bbox 161 1168 1143 1250; baseline -0.001 -15"><span class='ocrx_word' id='word_1_40' title='bbox 161 1172 316 1236; x_wconf 88' lang='lat' dir='ltr'><strong>dientiam</strong></span> <span class='ocrx_word' id='word_1_41' title='bbox 337 1172 369 1234; x_wconf 92' lang='lat' dir='ltr'><strong>in</strong></span> <span class='ocrx_word' id='word_1_42' title='bbox 393 1168 576 1235; x_wconf 81' lang='lat' dir='ltr'><strong>tolerandis</strong></span> <span class='ocrx_word' id='word_1_43' title='bbox 592 1170 757 1248; x_wconf 85' lang='lat' dir='ltr'><strong>adversis,</strong></span> <span class='ocrx_word' id='word_1_44' title='bbox 778 1190 842 1234; x_wconf 89' lang='lat' dir='ltr'><strong>nec</strong></span> <span class='ocrx_word' id='word_1_45' title='bbox 860 1173 1044 1236; x_wconf 89' lang='lat' dir='ltr'><strong>irascamur</strong></span> <span class='ocrx_word' id='word_1_46' title='bbox 1055 1168 1143 1250; x_wconf 89' lang='lat' dir='ltr'><strong>Deo,</strong></span> 
     </span>
     <span class='ocr_line' id='line_1_8' title="bbox 159 1254 1142 1341; baseline 0 -20"><span class='ocrx_word' id='word_1_47' title='bbox 159 1258 251 1323; x_wconf 80' lang='lat' dir='ltr'><strong>iuxta</strong></span> <span class='ocrx_word' id='word_1_48' title='bbox 278 1258 416 1321; x_wconf 83' lang='lat' dir='ltr'><strong>dietum:</strong></span> <span class='ocrx_word' id='word_1_49' title='bbox 446 1254 667 1321; x_wconf 81' lang='lat' dir='ltr'><strong>Humiliamiui</strong></span> <span class='ocrx_word' id='word_1_50' title='bbox 697 1258 760 1321; x_wconf 90' lang='lat' dir='ltr'><strong>suh</strong></span> <span class='ocrx_word' id='word_1_51' title='bbox 788 1258 915 1341; x_wconf 89' lang='lat' dir='ltr'><strong>potenti</strong></span> <span class='ocrx_word' id='word_1_52' title='bbox 941 1278 1042 1321; x_wconf 91' lang='lat' dir='ltr'><strong>mauu</strong></span> <span class='ocrx_word' id='word_1_53' title='bbox 1068 1256 1142 1322; x_wconf 85' lang='lat' dir='ltr'><strong>Dei.</strong></span> 
     </span>
     <span class='ocr_line' id='line_1_9' title="bbox 160 1341 1070 1427; baseline 0.002 -22"><span class='ocrx_word' id='word_1_54' title='bbox 160 1341 258 1408; x_wconf 79' lang='lat' dir='ltr'><strong>ltemt</strong></span> <span class='ocrx_word' id='word_1_55' title='bbox 282 1344 441 1408; x_wconf 89' lang='lat' dir='ltr'><strong>Subditns</strong></span> <span class='ocrx_word' id='word_1_56' title='bbox 459 1352 533 1406; x_wconf 90' lang='lat' dir='ltr'><strong>esto</strong></span> <span class='ocrx_word' id='word_1_57' title='bbox 555 1341 643 1420; x_wconf 91' lang='lat' dir='ltr'><strong>Deo,</strong></span> <span class='ocrx_word' id='word_1_58' title='bbox 666 1354 698 1407; x_wconf 89' lang='lat' dir='ltr'><strong>et</strong></span> <span class='ocrx_word' id='word_1_59' title='bbox 721 1362 822 1427; x_wconf 87' lang='lat' dir='ltr'><strong>spera</strong></span> <span class='ocrx_word' id='word_1_60' title='bbox 842 1343 876 1407; x_wconf 91' lang='lat' dir='ltr'><strong>in</strong></span> <span class='ocrx_word' id='word_1_61' title='bbox 896 1363 982 1422; x_wconf 91' lang='lat' dir='ltr'><strong>eum,</strong></span> <span class='ocrx_word' id='word_1_62' title='bbox 1006 1353 1070 1407; x_wconf 87' lang='lat' dir='ltr'><strong>etc.</strong></span> 
     </span>
    </p>
   </div>
   <div class='ocr_carea' id='block_1_6' title="bbox 159 1460 1145 2250">
    <p class='ocr_par' dir='ltr' id='par_1_6' title="bbox 159 1460 1145 2250">
     <span class='ocr_line' id='line_1_10' title="bbox 246 1460 1144 1551; baseline -0.002 -6"><span class='ocrx_word' id='word_1_63' title='bbox 246 1481 282 1545; x_wconf 90' lang='lat' dir='ltr'><strong>ln</strong></span> <span class='ocrx_word' id='word_1_64' title='bbox 308 1460 397 1544; x_wconf 73' lang='lat' dir='ltr'><strong>ouini</strong></span> <span class='ocrx_word' id='word_1_65' title='bbox 418 1476 650 1544; x_wconf 87' lang='lat' dir='ltr'><strong>consolatione</strong></span> <span class='ocrx_word' id='word_1_66' title='bbox 672 1489 782 1551; x_wconf 89' lang='lat' dir='ltr'><strong>autem</strong></span> <span class='ocrx_word' id='word_1_67' title='bbox 810 1480 862 1545; x_wconf 90' lang='lat' dir='ltr'><strong>sic</strong></span> <span class='ocrx_word' id='word_1_68' title='bbox 883 1489 1008 1544; x_wconf 90' lang='lat' dir='ltr'><strong>tantum</strong></span> <span class='ocrx_word' id='word_1_69' title='bbox 1030 1481 1144 1545; x_wconf 86' lang='lat' dir='ltr'><strong>minur-</strong></span> 
     </span>
     <span class='ocr_line' id='line_1_11' title="bbox 160 1561 1144 1644; baseline 0.001 -17"><span class='ocrx_word' id='word_1_70' title='bbox 160 1576 214 1628; x_wconf 93' lang='lat' dir='ltr'><strong>tur</strong></span> <span class='ocrx_word' id='word_1_71' title='bbox 236 1561 346 1644; x_wconf 89' lang='lat' dir='ltr'><strong>dolor,</strong></span> <span class='ocrx_word' id='word_1_72' title='bbox 370 1585 445 1628; x_wconf 90' lang='lat' dir='ltr'><strong>cum</strong></span> <span class='ocrx_word' id='word_1_73' title='bbox 467 1565 632 1630; x_wconf 85' lang='lat' dir='ltr'><strong>obiectum</strong></span> <span class='ocrx_word' id='word_1_74' title='bbox 651 1566 772 1629; x_wconf 91' lang='lat' dir='ltr'><strong>honum</strong></span> <span class='ocrx_word' id='word_1_75' title='bbox 788 1567 965 1642; x_wconf 89' lang='lat' dir='ltr'><strong>intuemur,</strong></span> <span class='ocrx_word' id='word_1_76' title='bbox 987 1564 1045 1644; x_wconf 90' lang='lat' dir='ltr'><strong>Ut,</strong></span> <span class='ocrx_word' id='word_1_77' title='bbox 1069 1588 1144 1631; x_wconf 91' lang='lat' dir='ltr'><strong>cum</strong></span> 
     </span>
     <span class='ocr_line' id='line_1_12' title="bbox 159 1648 1145 1735; baseline -0.003 -18"><span class='ocrx_word' id='word_1_78' title='bbox 159 1649 271 1717; x_wconf 88' lang='lat' dir='ltr'><strong>David</strong></span> <span class='ocrx_word' id='word_1_79' title='bbox 299 1652 381 1727; x_wconf 89' lang='lat' dir='ltr'><strong>scit,</strong></span> <span class='ocrx_word' id='word_1_80' title='bbox 403 1650 478 1715; x_wconf 90' lang='lat' dir='ltr'><strong>Deo</strong></span> <span class='ocrx_word' id='word_1_81' title='bbox 501 1650 722 1714; x_wconf 84' lang='lat' dir='ltr'><strong>obedientiam</strong></span> <span class='ocrx_word' id='word_1_82' title='bbox 745 1651 778 1714; x_wconf 87' lang='lat' dir='ltr'><strong>in</strong></span> <span class='ocrx_word' id='word_1_83' title='bbox 800 1648 897 1717; x_wconf 86' lang='lat' dir='ltr'><strong>exilio</strong></span> <span class='ocrx_word' id='word_1_84' title='bbox 925 1649 1077 1735; x_wconf 89' lang='lat' dir='ltr'><strong>placere,</strong></span> <span class='ocrx_word' id='word_1_85' title='bbox 1111 1662 1145 1715; x_wconf 87' lang='lat' dir='ltr'><strong>et</strong></span> 
     </span>
     <span class='ocr_line' id='line_1_13' title="bbox 159 1737 1145 1820; baseline 0.001 -20"><span class='ocrx_word' id='word_1_86' title='bbox 159 1756 302 1820; x_wconf 89' lang='lat' dir='ltr'><strong>poenam</strong></span> <span class='ocrx_word' id='word_1_87' title='bbox 324 1756 392 1801; x_wconf 92' lang='lat' dir='ltr'><strong>non</strong></span> <span class='ocrx_word' id='word_1_88' title='bbox 415 1756 492 1801; x_wconf 90' lang='lat' dir='ltr'><strong>esse</strong></span> <span class='ocrx_word' id='word_1_89' title='bbox 507 1738 640 1820; x_wconf 90' lang='lat' dir='ltr'><strong>signum</strong></span> <span class='ocrx_word' id='word_1_90' title='bbox 656 1737 858 1815; x_wconf 88' lang='lat' dir='ltr'><strong>reiectionis,</strong></span> <span class='ocrx_word' id='word_1_91' title='bbox 882 1738 944 1801; x_wconf 90' lang='lat' dir='ltr'><strong>sed</strong></span> <span class='ocrx_word' id='word_1_92' title='bbox 957 1757 1145 1803; x_wconf 89' lang='lat' dir='ltr'><strong>commone·</strong></span> 
     </span>
     <span class='ocr_line' id='line_1_14' title="bbox 160 1821 1144 1889; baseline -0.002 0"><span class='ocrx_word' id='word_1_93' title='bbox 160 1821 338 1889; x_wconf 79' lang='lat' dir='ltr'><strong>factionem</strong></span> <span class='ocrx_word' id='word_1_94' title='bbox 361 1824 403 1888; x_wconf 91' lang='lat' dir='ltr'><strong>de</strong></span> <span class='ocrx_word' id='word_1_95' title='bbox 427 1822 643 1887; x_wconf 87' lang='lat' dir='ltr'><strong>Poenitentia.</strong></span> <span class='ocrx_word' id='word_1_96' title='bbox 687 1821 759 1887; x_wconf 83' lang='lat' dir='ltr'><strong>liae</strong></span> <span class='ocrx_word' id='word_1_97' title='bbox 783 1823 872 1888; x_wconf 91' lang='lat' dir='ltr'><strong>bona</strong></span> <span class='ocrx_word' id='word_1_98' title='bbox 894 1821 1065 1887; x_wconf 85' lang='lat' dir='ltr'><strong>voluntate</strong></span> <span class='ocrx_word' id='word_1_99' title='bbox 1080 1821 1144 1887; x_wconf 91' lang='lat' dir='ltr'><strong>Dei</strong></span> 
     </span>
     <span class='ocr_line' id='line_1_15' title="bbox 161 1905 1143 1993; baseline 0.002 -21"><span class='ocrx_word' id='word_1_100' title='bbox 161 1908 373 1973; x_wconf 84' lang='lat' dir='ltr'><strong>considerata</strong></span> <span class='ocrx_word' id='word_1_101' title='bbox 401 1905 466 1972; x_wconf 87' lang='lat' dir='ltr'><strong>fert</strong></span> <span class='ocrx_word' id='word_1_102' title='bbox 488 1927 616 1993; x_wconf 88' lang='lat' dir='ltr'><strong>poenas</strong></span> <span class='ocrx_word' id='word_1_103' title='bbox 639 1908 766 1972; x_wconf 88' lang='lat' dir='ltr'><strong>minore</strong></span> <span class='ocrx_word' id='word_1_104' title='bbox 793 1907 924 1973; x_wconf 86' lang='lat' dir='ltr'><strong>dolore.</strong></span> <span class='ocrx_word' id='word_1_105' title='bbox 969 1909 1027 1975; x_wconf 84' lang='lat' dir='ltr'><strong>Sic</strong></span> <span class='ocrx_word' id='word_1_106' title='bbox 1054 1906 1143 1974; x_wconf 88' lang='lat' dir='ltr'><strong>latro</strong></span> 
     </span>
     <span class='ocr_line' id='line_1_16' title="bbox 161 1990 1144 2078; baseline -0.001 -19"><span class='ocrx_word' id='word_1_107' title='bbox 161 2013 349 2059; x_wconf 88' lang='lat' dir='ltr'><strong>conversus</strong></span> <span class='ocrx_word' id='word_1_108' title='bbox 371 1997 416 2058; x_wconf 91' lang='lat' dir='ltr'><strong>ad</strong></span> <span class='ocrx_word' id='word_1_109' title='bbox 439 1993 547 2058; x_wconf 90' lang='lat' dir='ltr'><strong>Deum</strong></span> <span class='ocrx_word' id='word_1_110' title='bbox 569 1990 676 2057; x_wconf 90' lang='lat' dir='ltr'><strong>levius</strong></span> <span class='ocrx_word' id='word_1_111' title='bbox 699 1990 765 2059; x_wconf 90' lang='lat' dir='ltr'><strong>fert</strong></span> <span class='ocrx_word' id='word_1_112' title='bbox 785 2015 945 2078; x_wconf 90' lang='lat' dir='ltr'><strong>poenam,</strong></span> <span class='ocrx_word' id='word_1_113' title='bbox 967 1997 1033 2060; x_wconf 88' lang='lat' dir='ltr'><strong>scit</strong></span> <span class='ocrx_word' id='word_1_114' title='bbox 1057 1995 1144 2060; x_wconf 88' lang='lat' dir='ltr'><strong>ordi·</strong></span> 
     </span>
     <span class='ocr_line' id='line_1_17' title="bbox 159 2079 1144 2160; baseline 0.003 -17"><span class='ocrx_word' id='word_1_115' title='bbox 159 2079 285 2144; x_wconf 88' lang='lat' dir='ltr'><strong>nationi</strong></span> <span class='ocrx_word' id='word_1_116' title='bbox 309 2081 441 2144; x_wconf 87' lang='lat' dir='ltr'><strong>divinae</strong></span> <span class='ocrx_word' id='word_1_117' title='bbox 463 2079 684 2144; x_wconf 89' lang='lat' dir='ltr'><strong>obediendum</strong></span> <span class='ocrx_word' id='word_1_118' title='bbox 702 2098 797 2160; x_wconf 88' lang='lat' dir='ltr'><strong>esse,</strong></span> <span class='ocrx_word' id='word_1_119' title='bbox 831 2091 864 2145; x_wconf 90' lang='lat' dir='ltr'><strong>et</strong></span> <span class='ocrx_word' id='word_1_120' title='bbox 892 2079 981 2145; x_wconf 91' lang='lat' dir='ltr'><strong>hanc</strong></span> <span class='ocrx_word' id='word_1_121' title='bbox 1002 2092 1144 2146; x_wconf 89' lang='lat' dir='ltr'><strong>mortem</strong></span> 
     </span>
     <span class='ocr_line' id='line_1_18' title="bbox 160 2165 975 2250; baseline -0.001 -21"><span class='ocrx_word' id='word_1_122' title='bbox 160 2185 229 2230; x_wconf 92' lang='lat' dir='ltr'><strong>non</strong></span> <span class='ocrx_word' id='word_1_123' title='bbox 251 2184 329 2229; x_wconf 84' lang='lat' dir='ltr'><strong>esse</strong></span> <span class='ocrx_word' id='word_1_124' title='bbox 351 2167 482 2250; x_wconf 87' lang='lat' dir='ltr'><strong>signum</strong></span> <span class='ocrx_word' id='word_1_125' title='bbox 505 2165 704 2229; x_wconf 88' lang='lat' dir='ltr'><strong>reiectionis.</strong></span> <span class='ocrx_word' id='word_1_126' title='bbox 972 2179 975 2186; x_wconf 84' lang='grc'>·</span> 
     </span>
    </p>
   </div>
   <div class='ocr_carea' id='block_1_7' title="bbox 161 2316 1144 2577">
    <p class='ocr_par' dir='ltr' id='par_1_7' title="bbox 161 2316 1144 2577">
     <span class='ocr_line' id='line_1_19' title="bbox 248 2316 1143 2405; baseline -0.002 -21"><span class='ocrx_word' id='word_1_127' title='bbox 248 2320 284 2384; x_wconf 92' lang='lat' dir='ltr'><strong>ll.</strong></span> <span class='ocrx_word' id='word_1_128' title='bbox 329 2316 525 2398; x_wconf 84' lang='lat' dir='ltr'><strong>Secundus,</strong></span> <span class='ocrx_word' id='word_1_129' title='bbox 559 2316 761 2405; x_wconf 89' lang='lat' dir='ltr'><strong>Dignitas</strong></span> <span class='ocrx_word' id='word_1_130' title='bbox 795 2318 982 2399; x_wconf 91' lang='lat' dir='ltr'><strong>virtutis,</strong></span> <span class='ocrx_word' id='word_1_131' title='bbox 1015 2318 1048 2383; x_wconf 92' lang='lat' dir='ltr'><strong>id</strong></span> <span class='ocrx_word' id='word_1_132' title='bbox 1081 2328 1143 2398; x_wconf 87' lang='lat' dir='ltr'><strong>est,</strong></span> 
     </span>
     <span class='ocr_line' id='line_1_20' title="bbox 162 2400 1144 2490; baseline -0.001 -21"><span class='ocrx_word' id='word_1_133' title='bbox 162 2400 246 2469; x_wconf 86' lang='lat' dir='ltr'><strong>Saul</strong></span> <span class='ocrx_word' id='word_1_134' title='bbox 267 2424 334 2468; x_wconf 89' lang='lat' dir='ltr'><strong>non</strong></span> <span class='ocrx_word' id='word_1_135' title='bbox 357 2414 447 2469; x_wconf 90' lang='lat' dir='ltr'><strong>recte</strong></span> <span class='ocrx_word' id='word_1_136' title='bbox 470 2401 569 2484; x_wconf 83' lang='lat' dir='ltr'><strong>facit,</strong></span> <span class='ocrx_word' id='word_1_137' title='bbox 601 2405 690 2490; x_wconf 89' lang='lat' dir='ltr'><strong>quod</strong></span> <span class='ocrx_word' id='word_1_138' title='bbox 712 2405 776 2470; x_wconf 89' lang='lat' dir='ltr'><strong>sibi</strong></span> <span class='ocrx_word' id='word_1_139' title='bbox 797 2415 939 2472; x_wconf 88' lang='lat' dir='ltr'><strong>mortem</strong></span> <span class='ocrx_word' id='word_1_140' title='bbox 962 2405 1144 2469; x_wconf 85' lang='lat' dir='ltr'><strong>consciscit</strong></span> 
     </span>
     <span class='ocr_line' id='line_1_21' title="bbox 161 2487 667 2577; baseline 0.002 -24"><span class='ocrx_word' id='word_1_141' title='bbox 161 2502 301 2576; x_wconf 89' lang='lat' dir='ltr'><strong>propter</strong></span> <span class='ocrx_word' id='word_1_142' title='bbox 323 2487 489 2556; x_wconf 71' lang='lat' dir='ltr'><strong>infelicem</strong></span> <span class='ocrx_word' id='word_1_143' title='bbox 510 2511 667 2577; x_wconf 89' lang='lat' dir='ltr'><strong>pugnam.</strong></span> 
     </span>
    </p>
   </div>
   <div class='ocr_carea' id='block_1_8' title="bbox 161 2628 1145 2882">
    <p class='ocr_par' dir='ltr' id='par_1_8' title="bbox 161 2628 1145 2882">
     <span class='ocr_line' id='line_1_22' title="bbox 249 2628 1145 2739; baseline -0.002 -29"><span class='ocrx_word' id='word_1_144' title='bbox 249 2647 297 2710; x_wconf 93' lang='lat' dir='ltr'><strong>lll.</strong></span> <span class='ocrx_word' id='word_1_145' title='bbox 339 2628 490 2725; x_wconf 80' lang='lat' dir='ltr'><strong>Tertius,</strong></span> <span class='ocrx_word' id='word_1_146' title='bbox 524 2643 637 2710; x_wconf 90' lang='lat' dir='ltr'><strong>Bona</strong></span> <span class='ocrx_word' id='word_1_147' title='bbox 670 2644 956 2739; x_wconf 74' lang='lat' dir='ltr'><strong>conscientia,</strong></span> <span class='ocrx_word' id='word_1_148' title='bbox 987 2654 1025 2707; x_wconf 93' lang='lat' dir='ltr'><strong>ut</strong></span> <span class='ocrx_word' id='word_1_149' title='bbox 1057 2641 1145 2708; x_wconf 86' lang='lat' dir='ltr'><strong>Lau·</strong></span> 
     </span>
     <span class='ocr_line' id='line_1_23' title="bbox 161 2728 1144 2817; baseline -0.001 -22"><span class='ocrx_word' id='word_1_150' title='bbox 161 2731 267 2796; x_wconf 88' lang='lat' dir='ltr'><strong>rentio</strong></span> <span class='ocrx_word' id='word_1_151' title='bbox 289 2730 327 2795; x_wconf 89' lang='lat' dir='ltr'><strong>fit</strong></span> <span class='ocrx_word' id='word_1_152' title='bbox 341 2728 426 2796; x_wconf 88' lang='lat' dir='ltr'><strong>levis</strong></span> <span class='ocrx_word' id='word_1_153' title='bbox 452 2731 619 2796; x_wconf 89' lang='lat' dir='ltr'><strong>cruciatus</strong></span> <span class='ocrx_word' id='word_1_154' title='bbox 641 2741 779 2817; x_wconf 83' lang='lat' dir='ltr'><strong>propter</strong></span> <span class='ocrx_word' id='word_1_155' title='bbox 797 2731 953 2814; x_wconf 88' lang='lat' dir='ltr'><strong>optimam</strong></span> <span class='ocrx_word' id='word_1_156' title='bbox 970 2730 1144 2796; x_wconf 91' lang='lat' dir='ltr'><strong>conscien-</strong></span> 
     </span>
     <span class='ocr_line' id='line_1_24' title="bbox 161 2816 252 2882; baseline 0.011 -1"><span class='ocrx_word' id='word_1_157' title='bbox 161 2816 252 2882; x_wconf 90' lang='lat' dir='ltr'><strong>tiam.</strong></span> 
     </span>
    </p>
   </div>
   <div class='ocr_carea' id='block_1_9' title="bbox 161 2966 1147 3825">
    <p class='ocr_par' dir='ltr' id='par_1_9' title="bbox 161 2966 1147 3825">
     <span class='ocr_line' id='line_1_25' title="bbox 250 2966 1146 3054; baseline -0.001 -18"><span class='ocrx_word' id='word_1_158' title='bbox 250 2972 310 3036; x_wconf 91' lang='lat' dir='ltr'><strong>llll.</strong></span> <span class='ocrx_word' id='word_1_159' title='bbox 333 2968 419 3044; x_wconf 90' lang='lat' dir='ltr'><strong>Quia</strong></span> <span class='ocrx_word' id='word_1_160' title='bbox 441 2990 523 3034; x_wconf 88' lang='lat' dir='ltr'><strong>vero</strong></span> <span class='ocrx_word' id='word_1_161' title='bbox 540 2970 736 3054; x_wconf 86' lang='lat' dir='ltr'><strong>saepissime</strong></span> <span class='ocrx_word' id='word_1_162' title='bbox 757 2966 845 3034; x_wconf 87' lang='lat' dir='ltr'><strong>mala</strong></span> <span class='ocrx_word' id='word_1_163' title='bbox 863 2970 1067 3035; x_wconf 89' lang='lat' dir='ltr'><strong>conscientia</strong></span> <span class='ocrx_word' id='word_1_164' title='bbox 1087 2970 1146 3035; x_wconf 86' lang='lat' dir='ltr'><strong>do·</strong></span> 
     </span>
     <span class='ocr_line' id='line_1_26' title="bbox 161 3052 1144 3161; baseline -0.001 -40"><span class='ocrx_word' id='word_1_165' title='bbox 161 3053 254 3124; x_wconf 89' lang='lat' dir='ltr'><strong>lores</strong></span> <span class='ocrx_word' id='word_1_166' title='bbox 274 3068 386 3161; x_wconf 84' lang='lat' dir='ltr'><strong>anget,</strong></span> <span class='ocrx_word' id='word_1_167' title='bbox 409 3057 593 3121; x_wconf 80' lang='lat' dir='ltr'><strong>ostenditur</strong></span> <span class='ocrx_word' id='word_1_168' title='bbox 615 3057 646 3120; x_wconf 92' lang='lat' dir='ltr'><strong>in</strong></span> <span class='ocrx_word' id='word_1_169' title='bbox 670 3053 856 3141; x_wconf 82' lang='lat' dir='ltr'><strong>Evangelio</strong></span> <span class='ocrx_word' id='word_1_170' title='bbox 878 3067 1016 3140; x_wconf 88' lang='lat' dir='ltr'><strong>quartus</strong></span> <span class='ocrx_word' id='word_1_171' title='bbox 1034 3052 1144 3133; x_wconf 89' lang='lat' dir='ltr'><strong>locus,</strong></span> 
     </span>
     <span class='ocr_line' id='line_1_27' title="bbox 161 3139 1144 3229; baseline -0.003 -23"><span class='ocrx_word' id='word_1_172' title='bbox 161 3161 304 3229; x_wconf 80' lang='lat' dir='ltr'><strong>prorsus</strong></span> <span class='ocrx_word' id='word_1_173' title='bbox 325 3152 460 3227; x_wconf 83' lang='lat' dir='ltr'><strong>ignotus</strong></span> <span class='ocrx_word' id='word_1_174' title='bbox 482 3139 736 3226; x_wconf 87' lang='lat' dir='ltr'><strong>Philosophiae,</strong></span> <span class='ocrx_word' id='word_1_175' title='bbox 765 3139 909 3205; x_wconf 85' lang='lat' dir='ltr'><strong>scilicet:</strong></span> <span class='ocrx_word' id='word_1_176' title='bbox 937 3140 1144 3219; x_wconf 84' lang='lat' dir='ltr'><strong>Remissio</strong></span> 
     </span>
     <span class='ocr_line' id='line_1_28' title="bbox 162 3223 1146 3313; baseline -0.001 -22"><span class='ocrx_word' id='word_1_177' title='bbox 162 3240 452 3313; x_wconf 82' lang='lat' dir='ltr'><strong>peccatorum.</strong></span> <span class='ocrx_word' id='word_1_178' title='bbox 507 3226 615 3292; x_wconf 87' lang='lat' dir='ltr'><strong>David</strong></span> <span class='ocrx_word' id='word_1_179' title='bbox 655 3249 722 3292; x_wconf 90' lang='lat' dir='ltr'><strong>non</strong></span> <span class='ocrx_word' id='word_1_180' title='bbox 756 3223 921 3312; x_wconf 83' lang='lat' dir='ltr'><strong>frangitur</strong></span> <span class='ocrx_word' id='word_1_181' title='bbox 955 3227 1146 3312; x_wconf 88' lang='lat' dir='ltr'><strong>ingentibus</strong></span> 
     </span>
     <span class='ocr_line' id='line_1_29' title="bbox 166 3310 1143 3391; baseline -0.001 -13"><span class='ocrx_word' id='word_1_182' title='bbox 166 3310 419 3391; x_wconf 58' lang='lat' dir='ltr'><strong>calamitatibus</strong></span> <span class='ocrx_word' id='word_1_183' title='bbox 444 3313 574 3377; x_wconf 86' lang='lat' dir='ltr'><strong>etiarnsi</strong></span> <span class='ocrx_word' id='word_1_184' title='bbox 585 3311 687 3376; x_wconf 89' lang='lat' dir='ltr'><strong>habet</strong></span> <span class='ocrx_word' id='word_1_185' title='bbox 702 3313 892 3377; x_wconf 88' lang='lat' dir='ltr'><strong>tristissima</strong></span> <span class='ocrx_word' id='word_1_186' title='bbox 904 3310 1044 3376; x_wconf 84' lang='lat' dir='ltr'><strong>vulnera</strong></span> <span class='ocrx_word' id='word_1_187' title='bbox 1067 3332 1143 3377; x_wconf 89' lang='lat' dir='ltr'><strong>con·</strong></span> 
     </span>
     <span class='ocr_line' id='line_1_30' title="bbox 163 3398 1145 3477; baseline -0.002 -15"><span class='ocrx_word' id='word_1_188' title='bbox 163 3399 339 3477; x_wconf 88' lang='lat' dir='ltr'><strong>scientiae,</strong></span> <span class='ocrx_word' id='word_1_189' title='bbox 362 3400 422 3463; x_wconf 75' lang='lat' dir='ltr'><strong>sed</strong></span> <span class='ocrx_word' id='word_1_190' title='bbox 444 3400 509 3463; x_wconf 89' lang='lat' dir='ltr'><strong>iam</strong></span> <span class='ocrx_word' id='word_1_191' title='bbox 531 3409 621 3463; x_wconf 90' lang='lat' dir='ltr'><strong>tenet</strong></span> <span class='ocrx_word' id='word_1_192' title='bbox 645 3398 799 3476; x_wconf 91' lang='lat' dir='ltr'><strong>remedia,</strong></span> <span class='ocrx_word' id='word_1_193' title='bbox 821 3400 885 3463; x_wconf 87' lang='lat' dir='ltr'><strong>solt</strong></span> <span class='ocrx_word' id='word_1_194' title='bbox 907 3399 1029 3463; x_wconf 88' lang='lat' dir='ltr'><strong>dictum</strong></span> <span class='ocrx_word' id='word_1_195' title='bbox 1053 3418 1145 3461; x_wconf 80' lang='lat' dir='ltr'><strong>esset</strong></span> 
     </span>
     <span class='ocr_line' id='line_1_31' title="bbox 161 3480 1146 3551; baseline -0.001 -3"><span class='ocrx_word' id='word_1_196' title='bbox 161 3480 366 3548; x_wconf 88' lang='lat' dir='ltr'><strong>Dominus</strong></span> <span class='ocrx_word' id='word_1_197' title='bbox 407 3482 585 3551; x_wconf 88' lang='lat' dir='ltr'><strong>abstulit</strong></span> <span class='ocrx_word' id='word_1_198' title='bbox 653 3495 839 3548; x_wconf 83' lang='lat' dir='ltr'><strong>cacatum</strong></span> <span class='ocrx_word' id='word_1_199' title='bbox 871 3495 987 3548; x_wconf 89' lang='lat' dir='ltr'><strong>tuum.</strong></span> <span class='ocrx_word' id='word_1_200' title='bbox 1052 3483 1146 3547; x_wconf 88' lang='lat' dir='ltr'><strong>llaec</strong></span> 
     </span>
     <span class='ocr_line' id='line_1_32' title="bbox 166 3506 1147 3655; baseline 0 -20"><span class='ocrx_word' id='word_1_201' title='bbox 166 3567 351 3635; x_wconf 92' lang='lat' dir='ltr'><strong>consolatio</strong></span> <span class='ocrx_word' id='word_1_202' title='bbox 380 3572 516 3655; x_wconf 89' lang='lat' dir='ltr'><strong>propria</strong></span> <span class='ocrx_word' id='word_1_203' title='bbox 538 3581 590 3635; x_wconf 92' lang='lat' dir='ltr'><strong>est</strong></span> <span class='ocrx_word' id='word_1_204' title='bbox 618 3506 812 3649; x_wconf 70' lang='lat' dir='ltr'><strong>Ecclesiae,</strong></span> <span class='ocrx_word' id='word_1_205' title='bbox 839 3566 970 3655; x_wconf 91' lang='lat' dir='ltr'><strong>prolata</strong></span> <span class='ocrx_word' id='word_1_206' title='bbox 1000 3590 1040 3633; x_wconf 84' lang='lat' dir='ltr'><strong>ex</strong></span> <span class='ocrx_word' id='word_1_207' title='bbox 1070 3571 1147 3635; x_wconf 91' lang='lat' dir='ltr'><strong>sinu</strong></span> 
     </span>
     <span class='ocr_line' id='line_1_33' title="bbox 164 3654 1146 3744; baseline -0.001 -24"><span class='ocrx_word' id='word_1_208' title='bbox 164 3657 290 3720; x_wconf 82' lang='lat' dir='ltr'><strong>aeterni</strong></span> <span class='ocrx_word' id='word_1_209' title='bbox 323 3655 433 3721; x_wconf 90' lang='lat' dir='ltr'><strong>Patris</strong></span> <span class='ocrx_word' id='word_1_210' title='bbox 465 3659 499 3721; x_wconf 89' lang='lat' dir='ltr'><strong>in</strong></span> <span class='ocrx_word' id='word_1_211' title='bbox 533 3677 618 3721; x_wconf 83' lang='lat' dir='ltr'><strong>voce</strong></span> <span class='ocrx_word' id='word_1_212' title='bbox 647 3654 839 3744; x_wconf 82' lang='lat' dir='ltr'><strong>Evangelii,</strong></span> <span class='ocrx_word' id='word_1_213' title='bbox 874 3667 907 3721; x_wconf 89' lang='lat' dir='ltr'><strong>et</strong></span> <span class='ocrx_word' id='word_1_214' title='bbox 934 3676 1146 3741; x_wconf 86' lang='lat' dir='ltr'><strong>nequaquam</strong></span> 
     </span>
     <span class='ocr_line' id='line_1_34' title="bbox 164 3738 584 3825; baseline 0 -21"><span class='ocrx_word' id='word_1_215' title='bbox 164 3738 403 3825; x_wconf 88' lang='lat' dir='ltr'><strong>Philosophiae</strong></span> <span class='ocrx_word' id='word_1_216' title='bbox 419 3754 501 3807; x_wconf 89' lang='lat' dir='ltr'><strong>nota</strong></span> <span class='ocrx_word' id='word_1_217' title='bbox 522 3754 584 3807; x_wconf 88' lang='lat' dir='ltr'><strong>est.</strong></span> 
     </span>
    </p>
   </div>
   <div class='ocr_carea' id='block_1_10' title="bbox 163 3891 1146 4395">
    <p class='ocr_par' dir='ltr' id='par_1_10' title="bbox 163 3891 1146 4395">
     <span class='ocr_line' id='line_1_35' title="bbox 249 3891 1145 3982; baseline 0.001 -26"><span class='ocrx_word' id='word_1_218' title='bbox 249 3891 292 3956; x_wconf 85' lang='lat' dir='ltr'><strong>V.</strong></span> <span class='ocrx_word' id='word_1_219' title='bbox 337 3891 480 3967; x_wconf 86' lang='lat' dir='ltr'><strong>Quintus</strong></span> <span class='ocrx_word' id='word_1_220' title='bbox 502 3893 617 3980; x_wconf 88' lang='lat' dir='ltr'><strong>locus,</strong></span> <span class='ocrx_word' id='word_1_221' title='bbox 639 3897 696 3981; x_wconf 89' lang='lat' dir='ltr'><strong>qui</strong></span> <span class='ocrx_word' id='word_1_222' title='bbox 717 3897 815 3960; x_wconf 88' lang='lat' dir='ltr'><strong>etiam</strong></span> <span class='ocrx_word' id='word_1_223' title='bbox 833 3892 1059 3982; x_wconf 83' lang='lat' dir='ltr'><strong>Evangelicns</strong></span> <span class='ocrx_word' id='word_1_224' title='bbox 1082 3905 1145 3965; x_wconf 78' lang='lat' dir='ltr'><strong>est,</strong></span> 
     </span>
     <span class='ocr_line' id='line_1_36' title="bbox 164 3977 1146 4065; baseline 0 -20"><span class='ocrx_word' id='word_1_225' title='bbox 164 3977 320 4045; x_wconf 86' lang='lat' dir='ltr'><strong>videlicet</strong></span> <span class='ocrx_word' id='word_1_226' title='bbox 353 3979 520 4064; x_wconf 82' lang='lat' dir='ltr'><strong>Agnitio</strong></span> <span class='ocrx_word' id='word_1_227' title='bbox 553 3983 820 4065; x_wconf 89' lang='lat' dir='ltr'><strong>praesentiae</strong></span> <span class='ocrx_word' id='word_1_228' title='bbox 851 3981 929 4047; x_wconf 89' lang='lat' dir='ltr'><strong>Dei</strong></span> <span class='ocrx_word' id='word_1_229' title='bbox 959 3982 998 4045; x_wconf 91' lang='lat' dir='ltr'><strong>ln</strong></span> <span class='ocrx_word' id='word_1_230' title='bbox 1026 4000 1146 4045; x_wconf 89' lang='lat' dir='ltr'><strong>aeru-</strong></span> 
     </span>
     <span class='ocr_line' id='line_1_37' title="bbox 163 4065 1145 4140; baseline 0 -10"><span class='ocrx_word' id='word_1_231' title='bbox 163 4065 266 4130; x_wconf 90' lang='lat' dir='ltr'><strong>mnis</strong></span> <span class='ocrx_word' id='word_1_232' title='bbox 300 4085 399 4130; x_wconf 92' lang='lat' dir='ltr'><strong>acce</strong></span> <span class='ocrx_word' id='word_1_233' title='bbox 434 4078 475 4131; x_wconf 91' lang='lat' dir='ltr'><strong>ta</strong></span> <span class='ocrx_word' id='word_1_234' title='bbox 507 4067 777 4140; x_wconf 83' lang='lat' dir='ltr'><strong>remissione,</strong></span> <span class='ocrx_word' id='word_1_235' title='bbox 810 4079 848 4132; x_wconf 87' lang='lat' dir='ltr'><strong>ut</strong></span> <span class='ocrx_word' id='word_1_236' title='bbox 881 4067 1016 4132; x_wconf 77' lang='lat' dir='ltr'><strong>diciturz</strong></span> <span class='ocrx_word' id='word_1_237' title='bbox 1049 4065 1145 4130; x_wconf 90' lang='lat' dir='ltr'><strong>Deus</strong></span> 
     </span>
     <span class='ocr_line' id='line_1_38' title="bbox 163 4149 1146 4235; baseline 0.001 -20"><span class='ocrx_word' id='word_1_238' title='bbox 163 4150 291 4217; x_wconf 89' lang='lat' dir='ltr'><strong>habitat</strong></span> <span class='ocrx_word' id='word_1_239' title='bbox 317 4152 351 4216; x_wconf 89' lang='lat' dir='ltr'><strong>in</strong></span> <span class='ocrx_word' id='word_1_240' title='bbox 428 4152 524 4216; x_wconf 88' lang='lat' dir='ltr'><strong>lictis.</strong></span> <span class='ocrx_word' id='word_1_241' title='bbox 569 4151 715 4235; x_wconf 77' lang='lat' dir='ltr'><strong>Levatur</strong></span> <span class='ocrx_word' id='word_1_242' title='bbox 737 4173 815 4231; x_wconf 84' lang='lat' dir='ltr'><strong>ergo</strong></span> <span class='ocrx_word' id='word_1_243' title='bbox 838 4149 949 4224; x_wconf 90' lang='lat' dir='ltr'><strong>dolor,</strong></span> <span class='ocrx_word' id='word_1_244' title='bbox 978 4173 1055 4217; x_wconf 88' lang='lat' dir='ltr'><strong>curu</strong></span> <span class='ocrx_word' id='word_1_245' title='bbox 1081 4152 1146 4216; x_wconf 90' lang='lat' dir='ltr'><strong>sci·</strong></span> 
     </span>
     <span class='ocr_line' id='line_1_39' title="bbox 164 4237 1146 4325; baseline 0.002 -25"><span class='ocrx_word' id='word_1_246' title='bbox 164 4257 240 4303; x_wconf 88' lang='lat' dir='ltr'><strong>mus</strong></span> <span class='ocrx_word' id='word_1_247' title='bbox 257 4257 321 4303; x_wconf 89' lang='lat' dir='ltr'><strong>nos</strong></span> <span class='ocrx_word' id='word_1_248' title='bbox 344 4257 367 4302; x_wconf 91' lang='lat' dir='ltr'><strong>a</strong></span> <span class='ocrx_word' id='word_1_249' title='bbox 387 4237 463 4303; x_wconf 89' lang='lat' dir='ltr'><strong>Deo</strong></span> <span class='ocrx_word' id='word_1_250' title='bbox 485 4238 602 4312; x_wconf 82' lang='lat' dir='ltr'><strong>iuvari,</strong></span> <span class='ocrx_word' id='word_1_251' title='bbox 624 4249 657 4304; x_wconf 89' lang='lat' dir='ltr'><strong>et</strong></span> <span class='ocrx_word' id='word_1_252' title='bbox 678 4258 773 4324; x_wconf 88' lang='lat' dir='ltr'><strong>spem</strong></span> <span class='ocrx_word' id='word_1_253' title='bbox 793 4239 954 4304; x_wconf 89' lang='lat' dir='ltr'><strong>habemus</strong></span> <span class='ocrx_word' id='word_1_254' title='bbox 970 4238 1146 4325; x_wconf 89' lang='lat' dir='ltr'><strong>mitigatio·</strong></span> 
     </span>
     <span class='ocr_line' id='line_1_40' title="bbox 164 4320 459 4395; baseline 0.014 -9"><span class='ocrx_word' id='word_1_255' title='bbox 164 4320 217 4386; x_wconf 88' lang='lat' dir='ltr'><strong>nis</strong></span> <span class='ocrx_word' id='word_1_256' title='bbox 237 4323 272 4395; x_wconf 86' lang='lat' dir='ltr'><strong>in</strong></span> <span class='ocrx_word' id='word_1_257' title='bbox 293 4324 360 4389; x_wconf 86' lang='lat' dir='ltr'><strong>hac</strong></span> <span class='ocrx_word' id='word_1_258' title='bbox 382 4324 459 4390; x_wconf 80' lang='lat' dir='ltr'><strong>vita.</strong></span> 
     </span>
    </p>
   </div>
   <div class='ocr_carea' id='block_1_11' title="bbox 117 4472 1146 4908">
    <p class='ocr_par' dir='ltr' id='par_1_11' title="bbox 117 4472 1146 4908">
     <span class='ocr_line' id='line_1_41' title="bbox 252 4472 1145 4564; baseline 0.004 -24"><span class='ocrx_word' id='word_1_259' title='bbox 252 4472 309 4540; x_wconf 92' lang='lat' dir='ltr'><strong>Vl.</strong></span> <span class='ocrx_word' id='word_1_260' title='bbox 354 4476 477 4544; x_wconf 84' lang='lat' dir='ltr'><strong>Sextus</strong></span> <span class='ocrx_word' id='word_1_261' title='bbox 495 4475 604 4551; x_wconf 88' lang='lat' dir='ltr'><strong>locus,</strong></span> <span class='ocrx_word' id='word_1_262' title='bbox 627 4478 683 4563; x_wconf 84' lang='lat' dir='ltr'><strong>qui</strong></span> <span class='ocrx_word' id='word_1_263' title='bbox 704 4476 801 4543; x_wconf 91' lang='lat' dir='ltr'><strong>etiam</strong></span> <span class='ocrx_word' id='word_1_264' title='bbox 828 4475 1055 4564; x_wconf 84' lang='lat' dir='ltr'><strong>Evangelicus</strong></span> <span class='ocrx_word' id='word_1_265' title='bbox 1083 4490 1145 4553; x_wconf 83' lang='lat' dir='ltr'><strong>est,</strong></span> 
     </span>
     <span class='ocr_line' id='line_1_42' title="bbox 117 4557 1146 4654; baseline 0.006 -29"><span class='ocrx_word' id='word_1_266' title='bbox 117 4607 119 4611; x_wconf 86' lang='lat'><em>-</em></span> <span class='ocrx_word' id='word_1_267' title='bbox 166 4557 334 4654; x_wconf 78' lang='lat' dir='ltr'><strong>videlicet:</strong></span> <span class='ocrx_word' id='word_1_268' title='bbox 370 4564 477 4649; x_wconf 89' lang='lat' dir='ltr'><strong>Spes</strong></span> <span class='ocrx_word' id='word_1_269' title='bbox 504 4560 673 4630; x_wconf 88' lang='lat' dir='ltr'><strong>ultimae</strong></span> <span class='ocrx_word' id='word_1_270' title='bbox 700 4560 973 4631; x_wconf 88' lang='lat' dir='ltr'><strong>liberationis</strong></span> <span class='ocrx_word' id='word_1_271' title='bbox 1008 4577 1048 4631; x_wconf 90' lang='lat' dir='ltr'><strong>et</strong></span> <span class='ocrx_word' id='word_1_272' title='bbox 1079 4587 1146 4631; x_wconf 90' lang='lat' dir='ltr'><strong>ae-</strong></span> 
     </span>
     <span class='ocr_line' id='line_1_43' title="bbox 165 4646 1145 4725; baseline 0.005 -14"><span class='ocrx_word' id='word_1_273' title='bbox 165 4656 309 4711; x_wconf 88' lang='lat' dir='ltr'><strong>ternae</strong></span> <span class='ocrx_word' id='word_1_274' title='bbox 330 4646 498 4724; x_wconf 85' lang='lat' dir='ltr'><strong>salutis,</strong></span> <span class='ocrx_word' id='word_1_275' title='bbox 521 4650 612 4715; x_wconf 86' lang='lat' dir='ltr'><strong>iuxta</strong></span> <span class='ocrx_word' id='word_1_276' title='bbox 630 4651 766 4715; x_wconf 78' lang='lat' dir='ltr'><strong>dictum:</strong></span> <span class='ocrx_word' id='word_1_277' title='bbox 789 4648 927 4715; x_wconf 78' lang='lat' dir='ltr'><strong>Etiamsi</strong></span> <span class='ocrx_word' id='word_1_278' title='bbox 941 4652 1071 4717; x_wconf 89' lang='lat' dir='ltr'><strong>occidet</strong></span> <span class='ocrx_word' id='word_1_279' title='bbox 1081 4672 1145 4725; x_wconf 87' lang='lat' dir='ltr'><strong>me,</strong></span> 
     </span>
     <span class='ocr_line' id='line_1_44' title="bbox 165 4733 1146 4836; baseline 0.009 -40"><span class='ocrx_word' id='word_1_280' title='bbox 165 4734 311 4836; x_wconf 86' lang='lat' dir='ltr'><strong>sperabo</strong></span> <span class='ocrx_word' id='word_1_281' title='bbox 328 4733 366 4801; x_wconf 84' lang='lat' dir='ltr'><strong>¹in</strong></span> <span class='ocrx_word' id='word_1_282' title='bbox 389 4753 473 4801; x_wconf 91' lang='lat' dir='ltr'><strong>eum.</strong></span> <span class='ocrx_word' id='word_1_283' title='bbox 506 4739 600 4802; x_wconf 85' lang='lat' dir='ltr'><strong>ltern:</strong></span> <span class='ocrx_word' id='word_1_284' title='bbox 622 4736 700 4802; x_wconf 91' lang='lat' dir='ltr'><strong>Scio</strong></span> <span class='ocrx_word' id='word_1_285' title='bbox 723 4737 813 4822; x_wconf 87' lang='lat' dir='ltr'><strong>quod</strong></span> <span class='ocrx_word' id='word_1_286' title='bbox 834 4734 1038 4824; x_wconf 86' lang='lat' dir='ltr'><strong>Redemptor</strong></span> <span class='ocrx_word' id='word_1_287' title='bbox 1051 4757 1146 4805; x_wconf 86' lang='lat' dir='ltr'><strong>meus</strong></span> 
     </span>
     <span class='ocr_line' id='line_1_45' title="bbox 165 4819 1005 4908; baseline 0.004 -25"><span class='ocrx_word' id='word_1_288' title='bbox 165 4819 257 4898; x_wconf 80' lang='lat' dir='ltr'><strong>vnit,</strong></span> <span class='ocrx_word' id='word_1_289' title='bbox 279 4828 314 4884; x_wconf 86' lang='lat' dir='ltr'><strong>et</strong></span> <span class='ocrx_word' id='word_1_290' title='bbox 335 4839 453 4885; x_wconf 88' lang='lat' dir='ltr'><strong>rursus</strong></span> <span class='ocrx_word' id='word_1_291' title='bbox 475 4822 705 4889; x_wconf 88' lang='lat' dir='ltr'><strong>circumdabor</strong></span> <span class='ocrx_word' id='word_1_292' title='bbox 726 4819 815 4908; x_wconf 88' lang='lat' dir='ltr'><strong>pelle</strong></span> <span class='ocrx_word' id='word_1_293' title='bbox 834 4842 918 4895; x_wconf 84' lang='lat' dir='ltr'><strong>mea,</strong></span> <span class='ocrx_word' id='word_1_294' title='bbox 941 4838 1005 4888; x_wconf 87' lang='lat' dir='ltr'><strong>etc.</strong></span> 
     </span>
    </p>
   </div>
   <div class='ocr_carea' id='block_1_12' title="bbox 82 4961 1147 5151">
    <p class='ocr_par' dir='ltr' id='par_1_12' title="bbox 82 4961 1147 5151">
     <span class='ocr_line' id='line_1_46' title="bbox 82 4961 1147 5069; baseline 0.001 -30"><span class='ocrx_word' id='word_1_295' title='bbox 82 4976 89 4985; x_wconf 78' lang='grc'><strong>“</strong></span> <span class='ocrx_word' id='word_1_296' title='bbox 144 4961 148 4965; x_wconf 58' lang='grc'><strong>’</strong></span> <span class='ocrx_word' id='word_1_297' title='bbox 252 4970 325 5039; x_wconf 89' lang='lat' dir='ltr'><strong>vn.</strong></span> <span class='ocrx_word' id='word_1_298' title='bbox 370 4975 548 5059; x_wconf 77' lang='lat' dir='ltr'><strong>Septimus,</strong></span> <span class='ocrx_word' id='word_1_299' title='bbox 582 4973 794 5061; x_wconf 78' lang='lat' dir='ltr'><strong>Exempla,</strong></span> <span class='ocrx_word' id='word_1_300' title='bbox 827 4995 914 5062; x_wconf 86' lang='lat' dir='ltr'><strong>qnae</strong></span> <span class='ocrx_word' id='word_1_301' title='bbox 947 4987 980 5042; x_wconf 87' lang='lat' dir='ltr'><strong>et</strong></span> <span class='ocrx_word' id='word_1_302' title='bbox 1008 4987 1147 5069; x_wconf 87' lang='lat' dir='ltr'><strong>propter</strong></span> 
     </span>
     <span class='ocr_line' id='line_1_47' title="bbox 165 5054 1081 5151; baseline 0.001 -23"><span class='ocrx_word' id='word_1_303' title='bbox 165 5054 291 5149; x_wconf 73' lang='lat' dir='ltr'><strong>largent</strong></span> <span class='ocrx_word' id='word_1_304' title='bbox 312 5069 346 5127; x_wconf 86' lang='lat' dir='ltr'><strong>et</strong></span> <span class='ocrx_word' id='word_1_305' title='bbox 360 5070 498 5147; x_wconf 86' lang='lat' dir='ltr'><strong>propter</strong></span> <span class='ocrx_word' id='word_1_306' title='bbox 513 5058 733 5151; x_wconf 83' lang='lat' dir='ltr'><strong>Evangelium</strong></span> <span class='ocrx_word' id='word_1_307' title='bbox 754 5062 972 5149; x_wconf 85' lang='lat' dir='ltr'><strong>proponenda</strong></span> <span class='ocrx_word' id='word_1_308' title='bbox 991 5072 1081 5129; x_wconf 92' lang='lat' dir='ltr'><strong>sunt.</strong></span> 
     </span>
    </p>
   </div>
   <div class='ocr_carea' id='block_1_13' title="bbox 1192 344 2249 1015">
    <p class='ocr_par' dir='ltr' id='par_1_13' title="bbox 1192 344 2249 1015">
     <span class='ocr_line' id='line_1_48' title="bbox 1278 344 2177 438; baseline 0.002 -22"><span class='ocrx_word' id='word_1_309' title='bbox 1278 346 1404 437; x_wconf 85' lang='lat' dir='ltr'><strong>Legale</strong></span> <span class='ocrx_word' id='word_1_310' title='bbox 1425 363 1495 417; x_wconf 75' lang='lat' dir='ltr'><strong>est:</strong></span> <span class='ocrx_word' id='word_1_311' title='bbox 1517 347 1600 417; x_wconf 83' lang='lat' dir='ltr'><strong>Cum</strong></span> <span class='ocrx_word' id='word_1_312' title='bbox 1617 352 1783 436; x_wconf 83' lang='lat' dir='ltr'><strong>patiantur</strong></span> <span class='ocrx_word' id='word_1_313' title='bbox 1803 349 1861 416; x_wconf 84' lang='lat' dir='ltr'><strong>alii</strong></span> <span class='ocrx_word' id='word_1_314' title='bbox 1876 344 2177 438; x_wconf 67' lang='lat' dir='ltr'><strong>proptcrpeccata,</strong></span> 
     </span>
     <span class='ocr_line' id='line_1_49' title="bbox 1192 435 2177 523; baseline 0.002 -21"><span class='ocrx_word' id='word_1_315' title='bbox 1192 449 1229 503; x_wconf 91' lang='lat' dir='ltr'><strong>ut</strong></span> <span class='ocrx_word' id='word_1_316' title='bbox 1250 435 1377 515; x_wconf 84' lang='lat' dir='ltr'><strong>Adam,</strong></span> <span class='ocrx_word' id='word_1_317' title='bbox 1410 436 1498 516; x_wconf 89' lang='lat' dir='ltr'><strong>Eva,</strong></span> <span class='ocrx_word' id='word_1_318' title='bbox 1530 435 1658 510; x_wconf 87' lang='lat' dir='ltr'><strong>David,</strong></span> <span class='ocrx_word' id='word_1_319' title='bbox 1691 435 1867 515; x_wconf 85' lang='lat' dir='ltr'><strong>hlanasse,</strong></span> <span class='ocrx_word' id='word_1_320' title='bbox 1895 450 1937 502; x_wconf 84' lang='lat' dir='ltr'><strong>et·</strong></span> <span class='ocrx_word' id='word_1_321' title='bbox 1956 436 2012 503; x_wconf 87' lang='lat' dir='ltr'><strong>alii</strong></span> <span class='ocrx_word' id='word_1_322' title='bbox 2032 435 2119 523; x_wconf 90' lang='lat' dir='ltr'><strong>pluri</strong></span> <span class='ocrx_word' id='word_1_323' title='bbox 2152 443 2177 521; x_wconf 90' lang='lat' dir='ltr'><strong>i,</strong></span> 
     </span>
     <span class='ocr_line' id='line_1_50' title="bbox 1215 519 2176 608; baseline 0.005 -21"><span class='ocrx_word' id='word_1_324' title='bbox 1215 542 1334 588; x_wconf 90' lang='lat' dir='ltr'><strong>uorum</strong></span> <span class='ocrx_word' id='word_1_325' title='bbox 1354 542 1485 608; x_wconf 90' lang='lat' dir='ltr'><strong>poenae</strong></span> <span class='ocrx_word' id='word_1_326' title='bbox 1508 536 1586 598; x_wconf 88' lang='lat' dir='ltr'><strong>sunt</strong></span> <span class='ocrx_word' id='word_1_327' title='bbox 1615 519 1952 589; x_wconf 83' lang='lat' dir='ltr'><strong>commonefaetioncs</strong></span> <span class='ocrx_word' id='word_1_328' title='bbox 1980 525 2022 589; x_wconf 90' lang='lat' dir='ltr'><strong>de</strong></span> <span class='ocrx_word' id='word_1_329' title='bbox 2049 524 2117 591; x_wconf 87' lang='lat' dir='ltr'><strong>lust</strong></span> <span class='ocrx_word' id='word_1_330' title='bbox 2143 528 2176 592; x_wconf 76' lang='lat' dir='ltr'><strong>ia</strong></span> 
     </span>
     <span class='ocr_line' id='line_1_51' title="bbox 1193 544 2249 695; baseline 0.008 -23"><span class='ocrx_word' id='word_1_331' title='bbox 1193 544 1272 674; x_wconf 66' lang='lat' dir='ltr'><strong>Deir</strong></span> <span class='ocrx_word' id='word_1_332' title='bbox 1293 608 1470 673; x_wconf 86' lang='lat' dir='ltr'><strong>Fatearnur</strong></span> <span class='ocrx_word' id='word_1_333' title='bbox 1486 629 1550 673; x_wconf 89' lang='lat' dir='ltr'><strong>nos</strong></span> <span class='ocrx_word' id='word_1_334' title='bbox 1595 629 1705 693; x_wconf 90' lang='lat' dir='ltr'><strong>uoque</strong></span> <span class='ocrx_word' id='word_1_335' title='bbox 1723 609 1868 674; x_wconf 89' lang='lat' dir='ltr'><strong>lustitiae</strong></span> <span class='ocrx_word' id='word_1_336' title='bbox 1881 609 1945 674; x_wconf 90' lang='lat' dir='ltr'><strong>Dei</strong></span> <span class='ocrx_word' id='word_1_337' title='bbox 1967 629 2096 695; x_wconf 86' lang='lat' dir='ltr'><strong>poenas</strong></span> <span class='ocrx_word' id='word_1_338' title='bbox 2118 613 2176 676; x_wconf 87' lang='lat' dir='ltr'><strong>de·</strong></span> <span class='ocrx_word' id='word_1_339' title='bbox 2238 666 2249 681; x_wconf 87' lang='grc'><strong><em>,</em></strong></span> 
     </span>
     <span class='ocr_line' id='line_1_52' title="bbox 1192 693 2175 774; baseline 0.003 -15"><span class='ocrx_word' id='word_1_340' title='bbox 1192 696 1285 772; x_wconf 84' lang='lat' dir='ltr'><strong>bere,</strong></span> <span class='ocrx_word' id='word_1_341' title='bbox 1307 695 1398 758; x_wconf 88' lang='lat' dir='ltr'><strong>iuxta</strong></span> <span class='ocrx_word' id='word_1_342' title='bbox 1420 695 1561 758; x_wconf 77' lang='lat' dir='ltr'><strong>dictum:</strong></span> <span class='ocrx_word' id='word_1_343' title='bbox 1611 696 1653 758; x_wconf 92' lang='lat' dir='ltr'><strong>ihi</strong></span> <span class='ocrx_word' id='word_1_344' title='bbox 1673 693 1816 758; x_wconf 88' lang='lat' dir='ltr'><strong>Domine</strong></span> <span class='ocrx_word' id='word_1_345' title='bbox 1838 694 1973 774; x_wconf 87' lang='lat' dir='ltr'><strong>lustitia,</strong></span> <span class='ocrx_word' id='word_1_346' title='bbox 1995 697 2094 761; x_wconf 88' lang='lat' dir='ltr'><strong>nobis</strong></span> <span class='ocrx_word' id='word_1_347' title='bbox 2117 717 2175 762; x_wconf 88' lang='lat' dir='ltr'><strong>an·</strong></span> 
     </span>
     <span class='ocr_line' id='line_1_53' title="bbox 1192 777 2175 857; baseline 0.005 -14"><span class='ocrx_word' id='word_1_348' title='bbox 1192 791 1258 843; x_wconf 90' lang='lat' dir='ltr'><strong>tem</strong></span> <span class='ocrx_word' id='word_1_349' title='bbox 1291 779 1445 845; x_wconf 91' lang='lat' dir='ltr'><strong>confusio</strong></span> <span class='ocrx_word' id='word_1_350' title='bbox 1478 777 1574 844; x_wconf 90' lang='lat' dir='ltr'><strong>faciei</strong></span> <span class='ocrx_word' id='word_1_351' title='bbox 1608 793 1760 857; x_wconf 91' lang='lat' dir='ltr'><strong>nostrae,</strong></span> <span class='ocrx_word' id='word_1_352' title='bbox 1794 781 1895 844; x_wconf 77' lang='lat' dir='ltr'><strong>sicut</strong></span> <span class='ocrx_word' id='word_1_353' title='bbox 1910 793 1943 845; x_wconf 91' lang='lat' dir='ltr'><strong>et</strong></span> <span class='ocrx_word' id='word_1_354' title='bbox 1969 781 2069 846; x_wconf 91' lang='lat' dir='ltr'><strong>hodie</strong></span> <span class='ocrx_word' id='word_1_355' title='bbox 2103 782 2175 848; x_wconf 87' lang='lat' dir='ltr'><strong>viro</strong></span> 
     </span>
     <span class='ocr_line' id='line_1_54' title="bbox 1193 862 2176 952; baseline 0.007 -26"><span class='ocrx_word' id='word_1_356' title='bbox 1193 865 1273 929; x_wconf 93' lang='lat' dir='ltr'><strong>luda</strong></span> <span class='ocrx_word' id='word_1_357' title='bbox 1306 878 1340 929; x_wconf 90' lang='lat' dir='ltr'><strong>et</strong></span> <span class='ocrx_word' id='word_1_358' title='bbox 1373 863 1592 933; x_wconf 83' lang='lat' dir='ltr'><strong>Hierusalem.</strong></span> <span class='ocrx_word' id='word_1_359' title='bbox 1636 865 1680 929; x_wconf 90' lang='lat' dir='ltr'><strong>Et</strong></span> <span class='ocrx_word' id='word_1_360' title='bbox 1711 862 1805 930; x_wconf 85' lang='lat' dir='ltr'><strong>Elias</strong></span> <span class='ocrx_word' id='word_1_361' title='bbox 1837 866 1957 952; x_wconf 77' lang='lat' dir='ltr'><strong>inquitz</strong></span> <span class='ocrx_word' id='word_1_362' title='bbox 1989 865 2067 931; x_wconf 88' lang='lat' dir='ltr'><strong>Non</strong></span> <span class='ocrx_word' id='word_1_363' title='bbox 2098 887 2176 933; x_wconf 84' lang='lat' dir='ltr'><strong>sum</strong></span> 
     </span>
     <span class='ocr_line' id='line_1_55' title="bbox 1193 948 1602 1015; baseline 0 -1"><span class='ocrx_word' id='word_1_364' title='bbox 1193 948 1309 1014; x_wconf 90' lang='lat' dir='ltr'><strong>melior</strong></span> <span class='ocrx_word' id='word_1_365' title='bbox 1330 948 1484 1015; x_wconf 86' lang='lat' dir='ltr'><strong>Patribus</strong></span> <span class='ocrx_word' id='word_1_366' title='bbox 1507 952 1602 1014; x_wconf 90' lang='lat' dir='ltr'><strong>meis.</strong></span> 
     </span>
    </p>
   </div>
   <div class='ocr_carea' id='block_1_14' title="bbox 1193 1083 2176 1421">
    <p class='ocr_par' dir='ltr' id='par_1_14' title="bbox 1193 1083 2176 1421">
     <span class='ocr_line' id='line_1_56' title="bbox 1285 1083 2176 1172; baseline 0.007 -24"><span class='ocrx_word' id='word_1_367' title='bbox 1285 1083 1379 1150; x_wconf 86' lang='lat' dir='ltr'><strong>Evan</strong></span> <span class='ocrx_word' id='word_1_368' title='bbox 1406 1083 1526 1149; x_wconf 89' lang='lat' dir='ltr'><strong>elicum</strong></span> <span class='ocrx_word' id='word_1_369' title='bbox 1550 1084 1619 1166; x_wconf 85' lang='lat' dir='ltr'><strong>est,</strong></span> <span class='ocrx_word' id='word_1_370' title='bbox 1641 1088 1731 1172; x_wconf 87' lang='lat' dir='ltr'><strong>q&#39;uod</strong></span> <span class='ocrx_word' id='word_1_371' title='bbox 1753 1098 1883 1170; x_wconf 91' lang='lat' dir='ltr'><strong>oportet</strong></span> <span class='ocrx_word' id='word_1_372' title='bbox 1904 1106 1967 1152; x_wconf 91' lang='lat' dir='ltr'><strong>nos</strong></span> <span class='ocrx_word' id='word_1_373' title='bbox 1993 1085 2067 1151; x_wconf 87' lang='lat' dir='ltr'><strong>fieri</strong></span> <span class='ocrx_word' id='word_1_374' title='bbox 2096 1109 2176 1154; x_wconf 91' lang='lat' dir='ltr'><strong>con·</strong></span> 
     </span>
     <span class='ocr_line' id='line_1_57' title="bbox 1194 1106 2176 1239; baseline 0.005 -5"><span class='ocrx_word' id='word_1_375' title='bbox 1194 1169 1319 1235; x_wconf 89' lang='lat' dir='ltr'><strong>similes</strong></span> <span class='ocrx_word' id='word_1_376' title='bbox 1342 1106 1416 1235; x_wconf 62' lang='lat' dir='ltr'><strong>fiii</strong></span> <span class='ocrx_word' id='word_1_377' title='bbox 1438 1170 1501 1235; x_wconf 88' lang='lat' dir='ltr'><strong>Dei</strong></span> <span class='ocrx_word' id='word_1_378' title='bbox 1524 1172 1557 1235; x_wconf 91' lang='lat' dir='ltr'><strong>in</strong></span> <span class='ocrx_word' id='word_1_379' title='bbox 1580 1193 1680 1236; x_wconf 89' lang='lat' dir='ltr'><strong>cruce</strong></span> <span class='ocrx_word' id='word_1_380' title='bbox 1702 1185 1735 1236; x_wconf 90' lang='lat' dir='ltr'><strong>ct</strong></span> <span class='ocrx_word' id='word_1_381' title='bbox 1751 1169 1957 1237; x_wconf 87' lang='lat' dir='ltr'><strong>liberatione.</strong></span> <span class='ocrx_word' id='word_1_382' title='bbox 2002 1173 2080 1238; x_wconf 89' lang='lat' dir='ltr'><strong>ldeo</strong></span> <span class='ocrx_word' id='word_1_383' title='bbox 2105 1185 2176 1239; x_wconf 86' lang='lat' dir='ltr'><strong>tota</strong></span> 
     </span>
     <span class='ocr_line' id='line_1_58' title="bbox 1193 1253 2176 1342; baseline 0.004 -22"><span class='ocrx_word' id='word_1_384' title='bbox 1193 1253 1348 1322; x_wconf 84' lang='lat' dir='ltr'><strong>Ecclesia</strong></span> <span class='ocrx_word' id='word_1_385' title='bbox 1371 1257 1461 1321; x_wconf 87' lang='lat' dir='ltr'><strong>cruci</strong></span> <span class='ocrx_word' id='word_1_386' title='bbox 1480 1258 1632 1323; x_wconf 66' lang='lat' dir='ltr'><strong>subiecta</strong></span> <span class='ocrx_word' id='word_1_387' title='bbox 1651 1271 1714 1336; x_wconf 91' lang='lat' dir='ltr'><strong>est,</strong></span> <span class='ocrx_word' id='word_1_388' title='bbox 1736 1259 1770 1322; x_wconf 89' lang='lat' dir='ltr'><strong>et</strong></span> <span class='ocrx_word' id='word_1_389' title='bbox 1786 1270 1941 1342; x_wconf 81' lang='lat' dir='ltr'><strong>expectat</strong></span> <span class='ocrx_word' id='word_1_390' title='bbox 1959 1278 1998 1322; x_wconf 88' lang='lat' dir='ltr'><strong>se</strong></span> <span class='ocrx_word' id='word_1_391' title='bbox 2023 1271 2176 1325; x_wconf 87' lang='lat' dir='ltr'><strong>unturam</strong></span> 
     </span>
     <span class='ocr_line' id='line_1_59' title="bbox 1194 1280 2023 1421; baseline 0 -14"><span class='ocrx_word' id='word_1_392' title='bbox 1194 1344 1295 1407; x_wconf 77' lang='lat' dir='ltr'><strong>sitam</strong></span> <span class='ocrx_word' id='word_1_393' title='bbox 1318 1353 1351 1405; x_wconf 89' lang='lat' dir='ltr'><strong>et</strong></span> <span class='ocrx_word' id='word_1_394' title='bbox 1372 1339 1531 1408; x_wconf 87' lang='lat' dir='ltr'><strong>laetitiam</strong></span> <span class='ocrx_word' id='word_1_395' title='bbox 1553 1355 1744 1421; x_wconf 88' lang='lat' dir='ltr'><strong>aeternam,</strong></span> <span class='ocrx_word' id='word_1_396' title='bbox 1777 1345 1865 1408; x_wconf 87' lang='lat' dir='ltr'><strong>sicut</strong></span> <span class='ocrx_word' id='word_1_397' title='bbox 1887 1280 2023 1408; x_wconf 59' lang='grc' dir='ltr'>ῈίΙὶιιεἹ</span> 
     </span>
    </p>
   </div>
   <div class='ocr_carea' id='block_1_15' title="bbox 1194 1515 1853 1598">
    <p class='ocr_par' dir='ltr' id='par_1_15' title="bbox 1194 1515 1853 1598">
     <span class='ocr_line' id='line_1_60' title="bbox 1194 1515 1853 1598; baseline 0 -21"><span class='ocrx_word' id='word_1_398' title='bbox 1194 1515 1299 1579; x_wconf 79' lang='lat' dir='ltr'><strong>sidebe</strong></span> <span class='ocrx_word' id='word_1_399' title='bbox 1322 1534 1462 1598; x_wconf 89' lang='lat' dir='ltr'><strong>regnum</strong></span> <span class='ocrx_word' id='word_1_400' title='bbox 1484 1515 1582 1578; x_wconf 90' lang='lat' dir='ltr'><strong>vohis</strong></span> <span class='ocrx_word' id='word_1_401' title='bbox 1603 1527 1766 1597; x_wconf 88' lang='lat' dir='ltr'><strong>paratum,</strong></span> <span class='ocrx_word' id='word_1_402' title='bbox 1788 1527 1853 1579; x_wconf 89' lang='lat' dir='ltr'><strong>etc.</strong></span> 
     </span>
    </p>
   </div>
   <div class='ocr_carea' id='block_1_16' title="bbox 1193 1647 2177 2163">
    <p class='ocr_par' dir='ltr' id='par_1_16' title="bbox 1279 1647 2176 1730">
     <span class='ocr_line' id='line_1_61' title="bbox 1279 1647 2176 1730; baseline 0.006 -18"><span class='ocrx_word' id='word_1_403' title='bbox 1279 1647 1364 1715; x_wconf 90' lang='lat' dir='ltr'><strong>Vlll.</strong></span> <span class='ocrx_word' id='word_1_404' title='bbox 1410 1649 1578 1729; x_wconf 86' lang='lat' dir='ltr'><strong>Octavus,</strong></span> <span class='ocrx_word' id='word_1_405' title='bbox 1614 1648 1783 1715; x_wconf 86' lang='lat' dir='ltr'><strong>Causae</strong></span> <span class='ocrx_word' id='word_1_406' title='bbox 1811 1647 1987 1730; x_wconf 85' lang='lat' dir='ltr'><strong>finales,</strong></span> <span class='ocrx_word' id='word_1_407' title='bbox 2020 1650 2176 1717; x_wconf 88' lang='lat' dir='ltr'><strong>videlicet</strong></span> 
     </span>
    </p>

    <p class='ocr_par' dir='ltr' id='par_1_17' title="bbox 1193 1734 2177 2163">
     <span class='ocr_line' id='line_1_62' title="bbox 1193 1734 2175 1819; baseline 0.004 -20"><span class='ocrx_word' id='word_1_408' title='bbox 1193 1737 1203 1800; x_wconf 94' lang='lat' dir='ltr'><strong>i</strong></span> <span class='ocrx_word' id='word_1_409' title='bbox 1228 1755 1267 1799; x_wconf 88' lang='lat' dir='ltr'><strong>se</strong></span> <span class='ocrx_word' id='word_1_410' title='bbox 1288 1734 1397 1814; x_wconf 78' lang='lat' dir='ltr'><strong>DeuS,</strong></span> <span class='ocrx_word' id='word_1_411' title='bbox 1420 1748 1454 1799; x_wconf 90' lang='lat' dir='ltr'><strong>et</strong></span> <span class='ocrx_word' id='word_1_412' title='bbox 1472 1735 1678 1819; x_wconf 77' lang='lat' dir='ltr'><strong>confirmatio</strong></span> <span class='ocrx_word' id='word_1_413' title='bbox 1701 1735 1776 1800; x_wconf 86' lang='lat' dir='ltr'><strong>fidei</strong></span> <span class='ocrx_word' id='word_1_414' title='bbox 1798 1736 1831 1799; x_wconf 91' lang='lat' dir='ltr'><strong>iu</strong></span> <span class='ocrx_word' id='word_1_415' title='bbox 1854 1735 1927 1801; x_wconf 89' lang='lat' dir='ltr'><strong>aliis</strong></span> <span class='ocrx_word' id='word_1_416' title='bbox 1952 1737 2175 1804; x_wconf 88' lang='lat' dir='ltr'><strong>credentibus.</strong></span> 
     </span>
     <span class='ocr_line' id='line_1_63' title="bbox 1227 1819 2177 1904; baseline 0.003 -20"><span class='ocrx_word' id='word_1_417' title='bbox 1227 1833 1258 1900; x_wconf 93' lang='lat' dir='ltr'><strong>t,</strong></span> <span class='ocrx_word' id='word_1_418' title='bbox 1281 1822 1449 1904; x_wconf 88' lang='lat' dir='ltr'><strong>mitigatur</strong></span> <span class='ocrx_word' id='word_1_419' title='bbox 1472 1819 1568 1886; x_wconf 90' lang='lat' dir='ltr'><strong>dolor</strong></span> <span class='ocrx_word' id='word_1_420' title='bbox 1593 1821 1789 1902; x_wconf 88' lang='lat' dir='ltr'><strong>Laurentio,</strong></span> <span class='ocrx_word' id='word_1_421' title='bbox 1818 1843 1892 1886; x_wconf 92' lang='lat' dir='ltr'><strong>cum</strong></span> <span class='ocrx_word' id='word_1_422' title='bbox 1914 1824 1990 1902; x_wconf 89' lang='lat' dir='ltr'><strong>scit,</strong></span> <span class='ocrx_word' id='word_1_423' title='bbox 2013 1845 2074 1888; x_wconf 87' lang='lat' dir='ltr'><strong>sua</strong></span> <span class='ocrx_word' id='word_1_424' title='bbox 2097 1843 2177 1887; x_wconf 91' lang='lat' dir='ltr'><strong>con·</strong></span> 
     </span>
     <span class='ocr_line' id='line_1_64' title="bbox 1194 1906 2177 1990; baseline 0.002 -19"><span class='ocrx_word' id='word_1_425' title='bbox 1194 1908 1315 1971; x_wconf 86' lang='lat' dir='ltr'><strong>stantia</strong></span> <span class='ocrx_word' id='word_1_426' title='bbox 1347 1906 1447 1971; x_wconf 88' lang='lat' dir='ltr'><strong>latius</strong></span> <span class='ocrx_word' id='word_1_427' title='bbox 1481 1908 1595 1990; x_wconf 85' lang='lat' dir='ltr'><strong>spar‘</strong></span> <span class='ocrx_word' id='word_1_428' title='bbox 1630 1909 1777 1972; x_wconf 88' lang='lat' dir='ltr'><strong>notitiam</strong></span> <span class='ocrx_word' id='word_1_429' title='bbox 1806 1906 1893 1985; x_wconf 83' lang='lat' dir='ltr'><strong>Dei,</strong></span> <span class='ocrx_word' id='word_1_430' title='bbox 1922 1922 1955 1972; x_wconf 90' lang='lat' dir='ltr'><strong>et</strong></span> <span class='ocrx_word' id='word_1_431' title='bbox 1988 1908 2177 1973; x_wconf 83' lang='lat' dir='ltr'><strong>confirmari</strong></span> 
     </span>
     <span class='ocr_line' id='line_1_65' title="bbox 1195 1990 2176 2078; baseline 0.003 -22"><span class='ocrx_word' id='word_1_432' title='bbox 1195 1992 1292 2057; x_wconf 85' lang='lat' dir='ltr'><strong>iidem</strong></span> <span class='ocrx_word' id='word_1_433' title='bbox 1314 1994 1346 2055; x_wconf 91' lang='lat' dir='ltr'><strong>in</strong></span> <span class='ocrx_word' id='word_1_434' title='bbox 1369 1990 1457 2070; x_wconf 87' lang='lat' dir='ltr'><strong>aliis,</strong></span> <span class='ocrx_word' id='word_1_435' title='bbox 1475 1996 1560 2056; x_wconf 91' lang='lat' dir='ltr'><strong>sicut</strong></span> <span class='ocrx_word' id='word_1_436' title='bbox 1601 1992 1697 2058; x_wconf 91' lang='lat' dir='ltr'><strong>aulus</strong></span> <span class='ocrx_word' id='word_1_437' title='bbox 1720 1995 1834 2078; x_wconf 84' lang='lat' dir='ltr'><strong>inquit,</strong></span> <span class='ocrx_word' id='word_1_438' title='bbox 1855 2014 1893 2057; x_wconf 90' lang='lat' dir='ltr'><strong>se</strong></span> <span class='ocrx_word' id='word_1_439' title='bbox 1916 1993 2076 2059; x_wconf 90' lang='lat' dir='ltr'><strong>immolari</strong></span> <span class='ocrx_word' id='word_1_440' title='bbox 2098 2014 2176 2078; x_wconf 89' lang='lat' dir='ltr'><strong>pro·</strong></span> 
     </span>
     <span class='ocr_line' id='line_1_66' title="bbox 1194 2077 2175 2163; baseline 0.004 -22"><span class='ocrx_word' id='word_1_441' title='bbox 1194 2090 1270 2163; x_wconf 89' lang='lat' dir='ltr'><strong>pter</strong></span> <span class='ocrx_word' id='word_1_442' title='bbox 1282 2077 1488 2143; x_wconf 85' lang='lat' dir='ltr'><strong>Sacrificium</strong></span> <span class='ocrx_word' id='word_1_443' title='bbox 1511 2090 1543 2141; x_wconf 90' lang='lat' dir='ltr'><strong>et</strong></span> <span class='ocrx_word' id='word_1_444' title='bbox 1554 2078 1771 2143; x_wconf 86' lang='lat' dir='ltr'><strong>hlinisten&#39;um</strong></span> <span class='ocrx_word' id='word_1_445' title='bbox 1794 2078 1869 2144; x_wconf 87' lang='lat' dir='ltr'><strong>fidei</strong></span> <span class='ocrx_word' id='word_1_446' title='bbox 1891 2077 2042 2158; x_wconf 83' lang='lat' dir='ltr'><strong>aliorum,</strong></span> <span class='ocrx_word' id='word_1_447' title='bbox 2064 2081 2175 2160; x_wconf 90' lang='lat' dir='ltr'><strong>idest,</strong></span> 
     </span>
    </p>
   </div>
   <div class='ocr_carea' id='block_1_17' title="bbox 1167 2160 2176 2259">
    <p class='ocr_par' dir='ltr' id='par_1_18' title="bbox 1167 2160 2176 2259">
     <span class='ocr_line' id='line_1_67' title="bbox 1167 2160 2176 2259; baseline 0.002 -31"><span class='ocrx_word' id='word_1_448' title='bbox 1167 2166 1272 2259; x_wconf 63' lang='lat' dir='ltr'><strong>&#39;quia</strong></span> <span class='ocrx_word' id='word_1_449' title='bbox 1304 2164 1459 2228; x_wconf 87' lang='lat' dir='ltr'><strong>servierit</strong></span> <span class='ocrx_word' id='word_1_450' title='bbox 1490 2160 1563 2227; x_wconf 89' lang='lat' dir='ltr'><strong>aliis</strong></span> <span class='ocrx_word' id='word_1_451' title='bbox 1592 2177 1684 2228; x_wconf 81' lang='lat' dir='ltr'><strong>recte</strong></span> <span class='ocrx_word' id='word_1_452' title='bbox 1713 2165 1884 2243; x_wconf 88' lang='lat' dir='ltr'><strong>docendo,</strong></span> <span class='ocrx_word' id='word_1_453' title='bbox 1917 2177 1952 2229; x_wconf 89' lang='lat' dir='ltr'><strong>et</strong></span> <span class='ocrx_word' id='word_1_454' title='bbox 1978 2167 2056 2251; x_wconf 88' lang='lat' dir='ltr'><strong>quia</strong></span> <span class='ocrx_word' id='word_1_455' title='bbox 2084 2186 2176 2232; x_wconf 89' lang='lat' dir='ltr'><strong>mors</strong></span> 
     </span>
    </p>
   </div>
   <div class='ocr_carea' id='block_1_18' title="bbox 1192 2246 2236 2590">
    <p class='ocr_par' dir='ltr' id='par_1_19' title="bbox 1192 2246 2236 2590">
     <span class='ocr_line' id='line_1_68' title="bbox 1195 2246 2236 2321; baseline 0.007 -7"><span class='ocrx_word' id='word_1_456' title='bbox 1195 2251 1267 2314; x_wconf 89' lang='lat' dir='ltr'><strong>eius</strong></span> <span class='ocrx_word' id='word_1_457' title='bbox 1289 2251 1332 2312; x_wconf 90' lang='lat' dir='ltr'><strong>sit</strong></span> <span class='ocrx_word' id='word_1_458' title='bbox 1354 2246 1466 2314; x_wconf 86' lang='lat' dir='ltr'><strong>futura</strong></span> <span class='ocrx_word' id='word_1_459' title='bbox 1488 2251 1708 2313; x_wconf 88' lang='lat' dir='ltr'><strong>testimonium</strong></span> <span class='ocrx_word' id='word_1_460' title='bbox 1730 2251 1772 2313; x_wconf 92' lang='lat' dir='ltr'><strong>de</strong></span> <span class='ocrx_word' id='word_1_461' title='bbox 1795 2250 1955 2315; x_wconf 88' lang='lat' dir='ltr'><strong>doctrina.</strong></span> <span class='ocrx_word' id='word_1_462' title='bbox 2000 2251 2084 2316; x_wconf 90' lang='lat' dir='ltr'><strong>Nam</strong></span> <span class='ocrx_word' id='word_1_463' title='bbox 2107 2273 2175 2316; x_wconf 92' lang='lat' dir='ltr'><strong>mo-</strong></span> <span class='ocrx_word' id='word_1_464' title='bbox 2233 2317 2236 2321; x_wconf 81' lang='lat'><strong>.</strong></span> 
     </span>
     <span class='ocr_line' id='line_1_69' title="bbox 1194 2333 2175 2408; baseline 0.003 -9"><span class='ocrx_word' id='word_1_465' title='bbox 1194 2336 1318 2400; x_wconf 89' lang='lat' dir='ltr'><strong>rientes</strong></span> <span class='ocrx_word' id='word_1_466' title='bbox 1351 2336 1384 2399; x_wconf 91' lang='lat' dir='ltr'><strong>in</strong></span> <span class='ocrx_word' id='word_1_467' title='bbox 1408 2333 1622 2400; x_wconf 88' lang='lat' dir='ltr'><strong>confessione</strong></span> <span class='ocrx_word' id='word_1_468' title='bbox 1643 2334 1719 2398; x_wconf 80' lang='lat' dir='ltr'><strong>fidei</strong></span> <span class='ocrx_word' id='word_1_469' title='bbox 1742 2337 1935 2408; x_wconf 91' lang='lat' dir='ltr'><strong>ostendunt,</strong></span> <span class='ocrx_word' id='word_1_470' title='bbox 1966 2356 2005 2400; x_wconf 91' lang='lat' dir='ltr'><strong>se</strong></span> <span class='ocrx_word' id='word_1_471' title='bbox 2035 2357 2101 2400; x_wconf 90' lang='lat' dir='ltr'><strong>non</strong></span> <span class='ocrx_word' id='word_1_472' title='bbox 2131 2339 2175 2402; x_wconf 88' lang='lat' dir='ltr'><strong>si·</strong></span> 
     </span>
     <span class='ocr_line' id='line_1_70' title="bbox 1192 2419 2175 2506; baseline 0.001 -20"><span class='ocrx_word' id='word_1_473' title='bbox 1192 2419 1340 2486; x_wconf 87' lang='lat' dir='ltr'><strong>mulasse</strong></span> <span class='ocrx_word' id='word_1_474' title='bbox 1358 2419 1602 2505; x_wconf 85' lang='lat' dir='ltr'><strong>professionem</strong></span> <span class='ocrx_word' id='word_1_475' title='bbox 1613 2419 1791 2505; x_wconf 89' lang='lat' dir='ltr'><strong>voluptatis</strong></span> <span class='ocrx_word' id='word_1_476' title='bbox 1808 2433 1865 2485; x_wconf 88' lang='lat' dir='ltr'><strong>aut</strong></span> <span class='ocrx_word' id='word_1_477' title='bbox 1883 2434 2042 2506; x_wconf 88' lang='lat' dir='ltr'><strong>quaestus</strong></span> <span class='ocrx_word' id='word_1_478' title='bbox 2061 2442 2175 2488; x_wconf 92' lang='lat' dir='ltr'><strong>causa.</strong></span> 
     </span>
     <span class='ocr_line' id='line_1_71' title="bbox 1195 2504 2142 2590; baseline 0.002 -19"><span class='ocrx_word' id='word_1_479' title='bbox 1195 2504 1384 2572; x_wconf 82' lang='lat' dir='ltr'><strong>Ostendant</strong></span> <span class='ocrx_word' id='word_1_480' title='bbox 1404 2507 1494 2586; x_wconf 91' lang='lat' dir='ltr'><strong>item,</strong></span> <span class='ocrx_word' id='word_1_481' title='bbox 1518 2526 1557 2570; x_wconf 91' lang='lat' dir='ltr'><strong>se</strong></span> <span class='ocrx_word' id='word_1_482' title='bbox 1579 2518 1757 2590; x_wconf 83' lang='lat' dir='ltr'><strong>expectare</strong></span> <span class='ocrx_word' id='word_1_483' title='bbox 1778 2518 1954 2572; x_wconf 91' lang='lat' dir='ltr'><strong>venturum</strong></span> <span class='ocrx_word' id='word_1_484' title='bbox 1974 2508 2142 2573; x_wconf 91' lang='lat' dir='ltr'><strong>iudicium.</strong></span> 
     </span>
    </p>
   </div>
   <div class='ocr_carea' id='block_1_19' title="bbox 1194 2640 2177 3138">
    <p class='ocr_par' dir='ltr' id='par_1_20' title="bbox 1194 2640 2177 3138">
     <span class='ocr_line' id='line_1_72' title="bbox 1279 2640 2177 2730; baseline 0.006 -25"><span class='ocrx_word' id='word_1_485' title='bbox 1279 2641 1337 2707; x_wconf 66' lang='lat' dir='ltr'><strong>lx.</strong></span> <span class='ocrx_word' id='word_1_486' title='bbox 1381 2642 1511 2722; x_wconf 89' lang='lat' dir='ltr'><strong>Nonus,</strong></span> <span class='ocrx_word' id='word_1_487' title='bbox 1551 2640 1733 2708; x_wconf 79' lang='lat' dir='ltr'><strong>Collatia</strong></span> <span class='ocrx_word' id='word_1_488' title='bbox 1756 2654 1976 2709; x_wconf 83' lang='lat' dir='ltr'><strong>eventuum</strong></span> <span class='ocrx_word' id='word_1_489' title='bbox 1996 2645 2177 2730; x_wconf 86' lang='lat' dir='ltr'><strong>praecipue</strong></span> 
     </span>
     <span class='ocr_line' id='line_1_73' title="bbox 1194 2727 2177 2809; baseline 0.001 -16"><span class='ocrx_word' id='word_1_490' title='bbox 1194 2729 1228 2793; x_wconf 92' lang='lat' dir='ltr'><strong>in</strong></span> <span class='ocrx_word' id='word_1_491' title='bbox 1260 2727 1417 2794; x_wconf 86' lang='lat' dir='ltr'><strong>Ecclesia</strong></span> <span class='ocrx_word' id='word_1_492' title='bbox 1451 2730 1695 2795; x_wconf 87' lang='lat' dir='ltr'><strong>consideranda</strong></span> <span class='ocrx_word' id='word_1_493' title='bbox 1728 2741 1799 2809; x_wconf 91' lang='lat' dir='ltr'><strong>est,</strong></span> <span class='ocrx_word' id='word_1_494' title='bbox 1835 2729 1920 2802; x_wconf 90' lang='lat' dir='ltr'><strong>Quia</strong></span> <span class='ocrx_word' id='word_1_495' title='bbox 1952 2732 1997 2794; x_wconf 90' lang='lat' dir='ltr'><strong>ibi</strong></span> <span class='ocrx_word' id='word_1_496' title='bbox 2031 2732 2177 2795; x_wconf 83' lang='lat' dir='ltr'><strong>ostendit</strong></span> 
     </span>
     <span class='ocr_line' id='line_1_74' title="bbox 1194 2814 2177 2901; baseline 0 -22"><span class='ocrx_word' id='word_1_497' title='bbox 1194 2814 1289 2880; x_wconf 89' lang='lat' dir='ltr'><strong>Deus</strong></span> <span class='ocrx_word' id='word_1_498' title='bbox 1318 2829 1352 2880; x_wconf 92' lang='lat' dir='ltr'><strong>et</strong></span> <span class='ocrx_word' id='word_1_499' title='bbox 1378 2816 1569 2880; x_wconf 86' lang='lat' dir='ltr'><strong>testimonia</strong></span> <span class='ocrx_word' id='word_1_500' title='bbox 1594 2815 1740 2880; x_wconf 84' lang='lat' dir='ltr'><strong>iustitiae</strong></span> <span class='ocrx_word' id='word_1_501' title='bbox 1768 2835 1865 2892; x_wconf 89' lang='lat' dir='ltr'><strong>sune,</strong></span> <span class='ocrx_word' id='word_1_502' title='bbox 1894 2816 1984 2901; x_wconf 85' lang='lat' dir='ltr'><strong>quod</strong></span> <span class='ocrx_word' id='word_1_503' title='bbox 2012 2817 2177 2881; x_wconf 88' lang='lat' dir='ltr'><strong>irascatur</strong></span> 
     </span>
     <span class='ocr_line' id='line_1_75' title="bbox 1194 2897 2176 2987; baseline 0 -22"><span class='ocrx_word' id='word_1_504' title='bbox 1194 2902 1361 2985; x_wconf 86' lang='lat' dir='ltr'><strong>peccatis,</strong></span> <span class='ocrx_word' id='word_1_505' title='bbox 1391 2914 1425 2966; x_wconf 85' lang='lat' dir='ltr'><strong>et</strong></span> <span class='ocrx_word' id='word_1_506' title='bbox 1453 2897 1605 2985; x_wconf 82' lang='lat' dir='ltr'><strong>exempla</strong></span> <span class='ocrx_word' id='word_1_507' title='bbox 1638 2902 1915 2978; x_wconf 78' lang='lat' dir='ltr'><strong>misericordiae,</strong></span> <span class='ocrx_word' id='word_1_508' title='bbox 1930 2902 2019 2987; x_wconf 92' lang='lat' dir='ltr'><strong>quod</strong></span> <span class='ocrx_word' id='word_1_509' title='bbox 2049 2921 2176 2986; x_wconf 88' lang='lat' dir='ltr'><strong>poenas</strong></span> 
     </span>
     <span class='ocr_line' id='line_1_76' title="bbox 1195 2984 2176 3073; baseline 0.002 -22"><span class='ocrx_word' id='word_1_510' title='bbox 1195 2999 1304 3052; x_wconf 91' lang='lat' dir='ltr'><strong>tamen</strong></span> <span class='ocrx_word' id='word_1_511' title='bbox 1326 2989 1465 3073; x_wconf 84' lang='lat' dir='ltr'><strong>mitiget,</strong></span> <span class='ocrx_word' id='word_1_512' title='bbox 1487 2988 1579 3051; x_wconf 89' lang='lat' dir='ltr'><strong>iuxta</strong></span> <span class='ocrx_word' id='word_1_513' title='bbox 1596 2984 1682 3052; x_wconf 90' lang='lat' dir='ltr'><strong>haec</strong></span> <span class='ocrx_word' id='word_1_514' title='bbox 1700 2988 1803 3051; x_wconf 74' lang='lat' dir='ltr'><strong>dictat</strong></span> <span class='ocrx_word' id='word_1_515' title='bbox 1825 2986 1903 3052; x_wconf 90' lang='lat' dir='ltr'><strong>Non</strong></span> <span class='ocrx_word' id='word_1_516' title='bbox 1919 2988 2070 3052; x_wconf 84' lang='lat' dir='ltr'><strong>accendit</strong></span> <span class='ocrx_word' id='word_1_517' title='bbox 2080 2985 2176 3053; x_wconf 89' lang='lat' dir='ltr'><strong>Deus</strong></span> 
     </span>
     <span class='ocr_line' id='line_1_77' title="bbox 1194 3073 1530 3138; baseline -0.003 0"><span class='ocrx_word' id='word_1_518' title='bbox 1194 3084 1299 3138; x_wconf 83' lang='lat' dir='ltr'><strong>totam</strong></span> <span class='ocrx_word' id='word_1_519' title='bbox 1320 3073 1402 3138; x_wconf 85' lang='lat' dir='ltr'><strong>iram</strong></span> <span class='ocrx_word' id='word_1_520' title='bbox 1423 3088 1530 3138; x_wconf 89' lang='lat' dir='ltr'><strong>suam.</strong></span> 
     </span>
    </p>
   </div>
   <div class='ocr_carea' id='block_1_20' title="bbox 1195 3223 2177 3721">
    <p class='ocr_par' dir='ltr' id='par_1_21' title="bbox 1195 3223 2177 3721">
     <span class='ocr_line' id='line_1_78' title="bbox 1281 3223 2176 3291; baseline 0.001 -2"><span class='ocrx_word' id='word_1_521' title='bbox 1281 3224 1362 3291; x_wconf 87' lang='lat' dir='ltr'><strong>ltem</strong></span> <span class='ocrx_word' id='word_1_522' title='bbox 1396 3225 1507 3290; x_wconf 87' lang='lat' dir='ltr'><strong>Oseae</strong></span> <span class='ocrx_word' id='word_1_523' title='bbox 1547 3226 1597 3289; x_wconf 95' lang='lat' dir='ltr'><strong>ll.</strong></span> <span class='ocrx_word' id='word_1_524' title='bbox 1653 3226 1730 3289; x_wconf 90' lang='lat' dir='ltr'><strong>Nou</strong></span> <span class='ocrx_word' id='word_1_525' title='bbox 1763 3223 1882 3290; x_wconf 84' lang='lat' dir='ltr'><strong>faciam</strong></span> <span class='ocrx_word' id='word_1_526' title='bbox 1919 3225 2066 3290; x_wconf 89' lang='lat' dir='ltr'><strong>furorem</strong></span> <span class='ocrx_word' id='word_1_527' title='bbox 2105 3226 2176 3290; x_wconf 89' lang='lat' dir='ltr'><strong>irae</strong></span> 
     </span>
     <span class='ocr_line' id='line_1_79' title="bbox 1195 3310 2177 3398; baseline -0.002 -21"><span class='ocrx_word' id='word_1_528' title='bbox 1195 3320 1302 3391; x_wconf 77' lang='lat' dir='ltr'><strong>mette,</strong></span> <span class='ocrx_word' id='word_1_529' title='bbox 1323 3312 1400 3397; x_wconf 86' lang='lat' dir='ltr'><strong>quia</strong></span> <span class='ocrx_word' id='word_1_530' title='bbox 1418 3311 1512 3377; x_wconf 90' lang='lat' dir='ltr'><strong>Deus</strong></span> <span class='ocrx_word' id='word_1_531' title='bbox 1536 3332 1600 3398; x_wconf 83' lang='lat' dir='ltr'><strong>ego</strong></span> <span class='ocrx_word' id='word_1_532' title='bbox 1622 3333 1708 3391; x_wconf 86' lang='lat' dir='ltr'><strong>sum,</strong></span> <span class='ocrx_word' id='word_1_533' title='bbox 1729 3328 1796 3375; x_wconf 92' lang='lat' dir='ltr'><strong>non</strong></span> <span class='ocrx_word' id='word_1_534' title='bbox 1819 3310 1936 3390; x_wconf 89' lang='lat' dir='ltr'><strong>homo,</strong></span> <span class='ocrx_word' id='word_1_535' title='bbox 1959 3312 1993 3376; x_wconf 85' lang='lat' dir='ltr'><strong>id</strong></span> <span class='ocrx_word' id='word_1_536' title='bbox 2015 3322 2078 3390; x_wconf 90' lang='lat' dir='ltr'><strong>est,</strong></span> <span class='ocrx_word' id='word_1_537' title='bbox 2100 3314 2177 3396; x_wconf 87' lang='lat' dir='ltr'><strong>quia</strong></span> 
     </span>
     <span class='ocr_line' id='line_1_80' title="bbox 1196 3395 2177 3482; baseline 0 -20"><span class='ocrx_word' id='word_1_538' title='bbox 1196 3408 1333 3463; x_wconf 89' lang='lat' dir='ltr'><strong>naturae</strong></span> <span class='ocrx_word' id='word_1_539' title='bbox 1364 3396 1533 3462; x_wconf 89' lang='lat' dir='ltr'><strong>hominum</strong></span> <span class='ocrx_word' id='word_1_540' title='bbox 1564 3395 1770 3482; x_wconf 89' lang='lat' dir='ltr'><strong>impossibile</strong></span> <span class='ocrx_word' id='word_1_541' title='bbox 1804 3409 1856 3462; x_wconf 92' lang='lat' dir='ltr'><strong>est</strong></span> <span class='ocrx_word' id='word_1_542' title='bbox 1888 3399 2055 3461; x_wconf 88' lang='lat' dir='ltr'><strong>sustinere</strong></span> <span class='ocrx_word' id='word_1_543' title='bbox 2092 3399 2177 3462; x_wconf 88' lang='lat' dir='ltr'><strong>iram</strong></span> 
     </span>
     <span class='ocr_line' id='line_1_81' title="bbox 1196 3482 2177 3567; baseline -0.001 -20"><span class='ocrx_word' id='word_1_544' title='bbox 1196 3483 1271 3563; x_wconf 87' lang='lat' dir='ltr'><strong>Dei,</strong></span> <span class='ocrx_word' id='word_1_545' title='bbox 1294 3486 1322 3549; x_wconf 90' lang='lat' dir='ltr'><strong>si</strong></span> <span class='ocrx_word' id='word_1_546' title='bbox 1345 3485 1418 3547; x_wconf 89' lang='lat' dir='ltr'><strong>sine</strong></span> <span class='ocrx_word' id='word_1_547' title='bbox 1440 3484 1667 3548; x_wconf 89' lang='lat' dir='ltr'><strong>misericordia</strong></span> <span class='ocrx_word' id='word_1_548' title='bbox 1688 3485 1846 3566; x_wconf 90' lang='lat' dir='ltr'><strong>punirem.</strong></span> <span class='ocrx_word' id='word_1_549' title='bbox 1892 3482 2088 3566; x_wconf 84' lang='lat' dir='ltr'><strong>Quanquam</strong></span> <span class='ocrx_word' id='word_1_550' title='bbox 2116 3483 2177 3567; x_wconf 87' lang='lat' dir='ltr'><strong>igi·</strong></span> 
     </span>
     <span class='ocr_line' id='line_1_82' title="bbox 1195 3568 2176 3656; baseline -0.001 -21"><span class='ocrx_word' id='word_1_551' title='bbox 1195 3581 1249 3635; x_wconf 91' lang='lat' dir='ltr'><strong>tur</strong></span> <span class='ocrx_word' id='word_1_552' title='bbox 1270 3572 1362 3656; x_wconf 90' lang='lat' dir='ltr'><strong>punit</strong></span> <span class='ocrx_word' id='word_1_553' title='bbox 1386 3568 1496 3639; x_wconf 88' lang='lat' dir='ltr'><strong>Deus,</strong></span> <span class='ocrx_word' id='word_1_554' title='bbox 1519 3570 1647 3656; x_wconf 86' lang='lat' dir='ltr'><strong>mitigat</strong></span> <span class='ocrx_word' id='word_1_555' title='bbox 1663 3581 1773 3633; x_wconf 85' lang='lat' dir='ltr'><strong>tamen</strong></span> <span class='ocrx_word' id='word_1_556' title='bbox 1794 3588 1942 3653; x_wconf 90' lang='lat' dir='ltr'><strong>poenas,</strong></span> <span class='ocrx_word' id='word_1_557' title='bbox 1969 3588 2013 3632; x_wconf 90' lang='lat' dir='ltr'><strong>ne</strong></span> <span class='ocrx_word' id='word_1_558' title='bbox 2036 3587 2176 3650; x_wconf 83' lang='lat' dir='ltr'><strong>prorsus</strong></span> 
     </span>
     <span class='ocr_line' id='line_1_83' title="bbox 1197 3652 2144 3721; baseline -0.01 -1"><span class='ocrx_word' id='word_1_559' title='bbox 1197 3654 1348 3721; x_wconf 87' lang='lat' dir='ltr'><strong>deleatur</strong></span> <span class='ocrx_word' id='word_1_560' title='bbox 1368 3652 1532 3719; x_wconf 86' lang='lat' dir='ltr'><strong>Ecclesia.</strong></span> <span class='ocrx_word' id='word_1_561' title='bbox 2140 3688 2144 3693; x_wconf 92' lang='lat'><em>-</em></span> 
     </span>
    </p>
   </div>
   <div class='ocr_carea' id='block_1_21' title="bbox 1195 3807 2179 4583">
    <p class='ocr_par' dir='ltr' id='par_1_22' title="bbox 1195 3807 2179 4583">
     <span class='ocr_line' id='line_1_84' title="bbox 1284 3807 2177 3893; baseline -0.003 -19"><span class='ocrx_word' id='word_1_562' title='bbox 1284 3809 1395 3883; x_wconf 88' lang='lat' dir='ltr'><strong>Quare</strong></span> <span class='ocrx_word' id='word_1_563' title='bbox 1416 3829 1553 3893; x_wconf 61' lang='lat' dir='ltr'><strong>semper,</strong></span> <span class='ocrx_word' id='word_1_564' title='bbox 1569 3810 1611 3875; x_wconf 92' lang='lat' dir='ltr'><strong>ad</strong></span> <span class='ocrx_word' id='word_1_565' title='bbox 1635 3820 1786 3875; x_wconf 86' lang='lat' dir='ltr'><strong>caeteras</strong></span> <span class='ocrx_word' id='word_1_566' title='bbox 1816 3808 1956 3872; x_wconf 86' lang='lat' dir='ltr'><strong>accedat</strong></span> <span class='ocrx_word' id='word_1_567' title='bbox 1983 3807 2069 3872; x_wconf 83' lang='lat' dir='ltr'><strong>haec</strong></span> <span class='ocrx_word' id='word_1_568' title='bbox 2097 3827 2177 3871; x_wconf 91' lang='lat' dir='ltr'><strong>con·</strong></span> 
     </span>
     <span class='ocr_line' id='line_1_85' title="bbox 1196 3894 2178 3981; baseline -0.007 -18"><span class='ocrx_word' id='word_1_569' title='bbox 1196 3894 1333 3963; x_wconf 87' lang='lat' dir='ltr'><strong>solatio:</strong></span> <span class='ocrx_word' id='word_1_570' title='bbox 1362 3895 1598 3981; x_wconf 82' lang='lat' dir='ltr'><strong>Agnoscamus</strong></span> <span class='ocrx_word' id='word_1_571' title='bbox 1627 3916 1691 3960; x_wconf 85' lang='lat' dir='ltr'><strong>uos</strong></span> <span class='ocrx_word' id='word_1_572' title='bbox 1713 3895 1798 3960; x_wconf 87' lang='lat' dir='ltr'><strong>iuste</strong></span> <span class='ocrx_word' id='word_1_573' title='bbox 1826 3894 1950 3978; x_wconf 90' lang='lat' dir='ltr'><strong>puniri,</strong></span> <span class='ocrx_word' id='word_1_574' title='bbox 1981 3905 2013 3957; x_wconf 90' lang='lat' dir='ltr'><strong>et</strong></span> <span class='ocrx_word' id='word_1_575' title='bbox 2040 3894 2178 3963; x_wconf 86' lang='lat' dir='ltr'><strong>meritos</strong></span> 
     </span>
     <span class='ocr_line' id='line_1_86' title="bbox 1196 3980 2179 4074; baseline -0.002 -29"><span class='ocrx_word' id='word_1_576' title='bbox 1196 4001 1273 4045; x_wconf 91' lang='lat' dir='ltr'><strong>esse</strong></span> <span class='ocrx_word' id='word_1_577' title='bbox 1296 3984 1480 4046; x_wconf 86' lang='lat' dir='ltr'><strong>atrociores</strong></span> <span class='ocrx_word' id='word_1_578' title='bbox 1502 4001 1644 4065; x_wconf 85' lang='lat' dir='ltr'><strong>poenas:</strong></span> <span class='ocrx_word' id='word_1_579' title='bbox 1674 3980 1785 4074; x_wconf 66' lang='lat' dir='ltr'><strong>Leniri</strong></span> <span class='ocrx_word' id='word_1_580' title='bbox 1808 3992 1918 4044; x_wconf 89' lang='lat' dir='ltr'><strong>tamen</strong></span> <span class='ocrx_word' id='word_1_581' title='bbox 1941 3981 2022 4043; x_wconf 88' lang='lat' dir='ltr'><strong>iram</strong></span> <span class='ocrx_word' id='word_1_582' title='bbox 2040 3990 2179 4063; x_wconf 83' lang='lat' dir='ltr'><strong>propter</strong></span> 
     </span>
     <span class='ocr_line' id='line_1_87' title="bbox 1197 4061 2175 4146; baseline -0.004 -14"><span class='ocrx_word' id='word_1_583' title='bbox 1197 4068 1493 4146; x_wconf 77' lang='lat' dir='ltr'><strong>bledialorem,&#39;et</strong></span> <span class='ocrx_word' id='word_1_584' title='bbox 1514 4088 1557 4130; x_wconf 89' lang='lat' dir='ltr'><strong>nc</strong></span> <span class='ocrx_word' id='word_1_585' title='bbox 1577 4078 1647 4131; x_wconf 88' lang='lat' dir='ltr'><strong>tota</strong></span> <span class='ocrx_word' id='word_1_586' title='bbox 1668 4064 1823 4130; x_wconf 85' lang='lat' dir='ltr'><strong>Ecclesia</strong></span> <span class='ocrx_word' id='word_1_587' title='bbox 1844 4063 1991 4130; x_wconf 84' lang='lat' dir='ltr'><strong>funditas</strong></span> <span class='ocrx_word' id='word_1_588' title='bbox 2014 4061 2175 4128; x_wconf 91' lang='lat' dir='ltr'><strong>deleatur.</strong></span> 
     </span>
     <span class='ocr_line' id='line_1_88' title="bbox 1197 4153 2179 4239; baseline -0.002 -24"><span class='ocrx_word' id='word_1_589' title='bbox 1197 4153 1399 4218; x_wconf 88' lang='lat' dir='ltr'><strong>(lbediarnus</strong></span> <span class='ocrx_word' id='word_1_590' title='bbox 1422 4155 1521 4239; x_wconf 88' lang='lat' dir='ltr'><strong>igitur</strong></span> <span class='ocrx_word' id='word_1_591' title='bbox 1548 4154 1581 4216; x_wconf 92' lang='lat' dir='ltr'><strong>in</strong></span> <span class='ocrx_word' id='word_1_592' title='bbox 1604 4155 1836 4236; x_wconf 79' lang='lat' dir='ltr'><strong>praesentibus</strong></span> <span class='ocrx_word' id='word_1_593' title='bbox 1858 4153 1995 4235; x_wconf 87' lang='lat' dir='ltr'><strong>poenis,</strong></span> <span class='ocrx_word' id='word_1_594' title='bbox 2030 4161 2063 4213; x_wconf 90' lang='lat' dir='ltr'><strong>et</strong></span> <span class='ocrx_word' id='word_1_595' title='bbox 2084 4160 2179 4233; x_wconf 85' lang='lat' dir='ltr'><strong>peta·</strong></span> 
     </span>
     <span class='ocr_line' id='line_1_89' title="bbox 1196 4234 2179 4325; baseline -0.005 -22"><span class='ocrx_word' id='word_1_596' title='bbox 1196 4258 1270 4303; x_wconf 89' lang='lat' dir='ltr'><strong>mus</strong></span> <span class='ocrx_word' id='word_1_597' title='bbox 1293 4247 1327 4303; x_wconf 89' lang='lat' dir='ltr'><strong>et</strong></span> <span class='ocrx_word' id='word_1_598' title='bbox 1348 4251 1562 4321; x_wconf 74' lang='lat' dir='ltr'><strong>expectemus</strong></span> <span class='ocrx_word' id='word_1_599' title='bbox 1584 4239 1840 4325; x_wconf 87' lang='lat' dir='ltr'><strong>mitigationem,</strong></span> <span class='ocrx_word' id='word_1_600' title='bbox 1864 4239 1950 4302; x_wconf 90' lang='lat' dir='ltr'><strong>sicut</strong></span> <span class='ocrx_word' id='word_1_601' title='bbox 1971 4239 2005 4300; x_wconf 89' lang='lat' dir='ltr'><strong>in</strong></span> <span class='ocrx_word' id='word_1_602' title='bbox 2027 4234 2179 4319; x_wconf 80' lang='lat' dir='ltr'><strong>Prophe·</strong></span> 
     </span>
     <span class='ocr_line' id='line_1_90' title="bbox 1196 4320 2176 4389; baseline -0.008 0"><span class='ocrx_word' id='word_1_603' title='bbox 1196 4327 1241 4389; x_wconf 91' lang='lat' dir='ltr'><strong>tis</strong></span> <span class='ocrx_word' id='word_1_604' title='bbox 1265 4325 1401 4389; x_wconf 83' lang='lat' dir='ltr'><strong>dicitur:</strong></span> <span class='ocrx_word' id='word_1_605' title='bbox 1435 4324 1470 4388; x_wconf 91' lang='lat' dir='ltr'><strong>ln</strong></span> <span class='ocrx_word' id='word_1_606' title='bbox 1493 4325 1543 4388; x_wconf 89' lang='lat' dir='ltr'><strong>ira</strong></span> <span class='ocrx_word' id='word_1_607' title='bbox 1565 4326 1814 4389; x_wconf 87' lang='lat' dir='ltr'><strong>misericordiae</strong></span> <span class='ocrx_word' id='word_1_608' title='bbox 1837 4324 2036 4387; x_wconf 87' lang='lat' dir='ltr'><strong>recorderis.</strong></span> <span class='ocrx_word' id='word_1_609' title='bbox 2077 4320 2176 4385; x_wconf 76' lang='lat' dir='ltr'><strong>ltema</strong></span> 
     </span>
     <span class='ocr_line' id='line_1_91' title="bbox 1195 4408 2177 4495; baseline -0.004 -21"><span class='ocrx_word' id='word_1_610' title='bbox 1195 4411 1311 4476; x_wconf 89' lang='lat' dir='ltr'><strong>Bonus</strong></span> <span class='ocrx_word' id='word_1_611' title='bbox 1334 4421 1387 4476; x_wconf 91' lang='lat' dir='ltr'><strong>est</strong></span> <span class='ocrx_word' id='word_1_612' title='bbox 1408 4410 1589 4490; x_wconf 89' lang='lat' dir='ltr'><strong>Dominus,</strong></span> <span class='ocrx_word' id='word_1_613' title='bbox 1622 4420 1655 4475; x_wconf 90' lang='lat' dir='ltr'><strong>et</strong></span> <span class='ocrx_word' id='word_1_614' title='bbox 1676 4412 1825 4495; x_wconf 89' lang='lat' dir='ltr'><strong>poenitet</strong></span> <span class='ocrx_word' id='word_1_615' title='bbox 1841 4431 1916 4474; x_wconf 91' lang='lat' dir='ltr'><strong>eum</strong></span> <span class='ocrx_word' id='word_1_616' title='bbox 1943 4408 2177 4494; x_wconf 86' lang='lat' dir='ltr'><strong>magnitudinis</strong></span> 
     </span>
     <span class='ocr_line' id='line_1_92' title="bbox 1195 4517 1387 4583; baseline -0.005 -19"><span class='ocrx_word' id='word_1_617' title='bbox 1195 4517 1387 4583; x_wconf 88' lang='lat' dir='ltr'><strong>poenarum.</strong></span> 
     </span>
    </p>
   </div>
   <div class='ocr_carea' id='block_1_22' title="bbox 1196 4626 2206 5151">
    <p class='ocr_par' dir='ltr' id='par_1_23' title="bbox 1196 4626 2206 5151">
     <span class='ocr_line' id='line_1_93' title="bbox 1280 4626 2178 4713; baseline -0.006 -15"><span class='ocrx_word' id='word_1_618' title='bbox 1280 4632 1323 4698; x_wconf 87' lang='lat' dir='ltr'><strong>X.</strong></span> <span class='ocrx_word' id='word_1_619' title='bbox 1367 4631 1544 4709; x_wconf 89' lang='lat' dir='ltr'><strong>Decimus,</strong></span> <span class='ocrx_word' id='word_1_620' title='bbox 1565 4632 1832 4697; x_wconf 89' lang='lat' dir='ltr'><strong>Desiderium</strong></span> <span class='ocrx_word' id='word_1_621' title='bbox 1863 4626 1972 4694; x_wconf 91' lang='lat' dir='ltr'><strong>clari</strong></span> <span class='ocrx_word' id='word_1_622' title='bbox 2004 4646 2178 4713; x_wconf 89' lang='lat' dir='ltr'><strong>conspe·</strong></span> 
     </span>
     <span class='ocr_line' id='line_1_94' title="bbox 1197 4715 2177 4799; baseline -0.009 -13"><span class='ocrx_word' id='word_1_623' title='bbox 1197 4729 1291 4786; x_wconf 92' lang='lat' dir='ltr'><strong>ctus</strong></span> <span class='ocrx_word' id='word_1_624' title='bbox 1323 4716 1418 4799; x_wconf 89' lang='lat' dir='ltr'><strong>Dei,</strong></span> <span class='ocrx_word' id='word_1_625' title='bbox 1451 4730 1489 4782; x_wconf 91' lang='lat' dir='ltr'><strong>et</strong></span> <span class='ocrx_word' id='word_1_626' title='bbox 1519 4715 1786 4783; x_wconf 88' lang='lat' dir='ltr'><strong>liberationis</strong></span> <span class='ocrx_word' id='word_1_627' title='bbox 1818 4737 1839 4780; x_wconf 92' lang='lat' dir='ltr'><strong>a</strong></span> <span class='ocrx_word' id='word_1_628' title='bbox 1872 4727 1956 4780; x_wconf 91' lang='lat' dir='ltr'><strong>toto</strong></span> <span class='ocrx_word' id='word_1_629' title='bbox 1986 4725 2177 4799; x_wconf 77' lang='lat' dir='ltr'><strong>peccato.</strong></span> 
     </span>
     <span class='ocr_line' id='line_1_95' title="bbox 1196 4799 2177 4890; baseline -0.006 -20"><span class='ocrx_word' id='word_1_630' title='bbox 1196 4805 1290 4870; x_wconf 86' lang='lat' dir='ltr'><strong>Haec</strong></span> <span class='ocrx_word' id='word_1_631' title='bbox 1318 4802 1502 4869; x_wconf 86' lang='lat' dir='ltr'><strong>consolatio</strong></span> <span class='ocrx_word' id='word_1_632' title='bbox 1532 4805 1667 4890; x_wconf 86' lang='lat' dir='ltr'><strong>proprie</strong></span> <span class='ocrx_word' id='word_1_633' title='bbox 1700 4803 1743 4867; x_wconf 90' lang='lat' dir='ltr'><strong>ad</strong></span> <span class='ocrx_word' id='word_1_634' title='bbox 1772 4799 1914 4866; x_wconf 85' lang='lat' dir='ltr'><strong>hlortem</strong></span> <span class='ocrx_word' id='word_1_635' title='bbox 1941 4801 2100 4885; x_wconf 89' lang='lat' dir='ltr'><strong>pertinet,</strong></span> <span class='ocrx_word' id='word_1_636' title='bbox 2134 4800 2177 4864; x_wconf 86' lang='lat' dir='ltr'><strong>de</strong></span> 
     </span>
     <span class='ocr_line' id='line_1_96' title="bbox 1197 4884 2177 4977; baseline -0.006 -21"><span class='ocrx_word' id='word_1_637' title='bbox 1197 4911 1263 4977; x_wconf 88' lang='lat' dir='ltr'><strong>qua</strong></span> <span class='ocrx_word' id='word_1_638' title='bbox 1285 4891 1364 4955; x_wconf 89' lang='lat' dir='ltr'><strong>dicit</strong></span> <span class='ocrx_word' id='word_1_639' title='bbox 1380 4885 1523 4955; x_wconf 82' lang='lat' dir='ltr'><strong>Paulus:</strong></span> <span class='ocrx_word' id='word_1_640' title='bbox 1546 4888 1652 4974; x_wconf 87' lang='lat' dir='ltr'><strong>Cupio</strong></span> <span class='ocrx_word' id='word_1_641' title='bbox 1675 4885 1824 4966; x_wconf 84' lang='lat' dir='ltr'><strong>dissolvi,</strong></span> <span class='ocrx_word' id='word_1_642' title='bbox 1847 4897 1880 4951; x_wconf 91' lang='lat' dir='ltr'><strong>et</strong></span> <span class='ocrx_word' id='word_1_643' title='bbox 1900 4906 1978 4952; x_wconf 89' lang='lat' dir='ltr'><strong>esse</strong></span> <span class='ocrx_word' id='word_1_644' title='bbox 1993 4907 2069 4951; x_wconf 92' lang='lat' dir='ltr'><strong>cum</strong></span> <span class='ocrx_word' id='word_1_645' title='bbox 2080 4884 2177 4952; x_wconf 86' lang='lat' dir='ltr'><strong>Chri·</strong></span> 
     </span>
     <span class='ocr_line' id='line_1_97' title="bbox 1197 4972 2176 5056; baseline -0.004 -15"><span class='ocrx_word' id='word_1_646' title='bbox 1197 4987 1263 5056; x_wconf 90' lang='lat' dir='ltr'><strong>sto,</strong></span> <span class='ocrx_word' id='word_1_647' title='bbox 1282 4978 1315 5042; x_wconf 88' lang='lat' dir='ltr'><strong>id</strong></span> <span class='ocrx_word' id='word_1_648' title='bbox 1333 4987 1403 5042; x_wconf 81' lang='lat' dir='ltr'><strong>est:</strong></span> <span class='ocrx_word' id='word_1_649' title='bbox 1418 4972 1520 5042; x_wconf 79' lang='lat' dir='ltr'><strong>&#39;Sicut</strong></span> <span class='ocrx_word' id='word_1_650' title='bbox 1541 4972 1750 5041; x_wconf 84' lang='lat' dir='ltr'><strong>iterfaciens</strong></span> <span class='ocrx_word' id='word_1_651' title='bbox 1772 4986 1871 5041; x_wconf 89' lang='lat' dir='ltr'><strong>nocte</strong></span> <span class='ocrx_word' id='word_1_652' title='bbox 1893 4974 1927 5038; x_wconf 90' lang='lat' dir='ltr'><strong>in</strong></span> <span class='ocrx_word' id='word_1_653' title='bbox 1949 4974 2063 5038; x_wconf 87' lang='lat' dir='ltr'><strong>densis</strong></span> <span class='ocrx_word' id='word_1_654' title='bbox 2084 4983 2176 5039; x_wconf 90' lang='lat' dir='ltr'><strong>tene-</strong></span> 
     </span>
     <span class='ocr_line' id='line_1_98' title="bbox 1197 5057 2206 5151; baseline 0.003 -23"><span class='ocrx_word' id='word_1_655' title='bbox 1197 5064 1280 5143; x_wconf 89' lang='lat' dir='ltr'><strong>bris,</strong></span> <span class='ocrx_word' id='word_1_656' title='bbox 1302 5063 1440 5151; x_wconf 85' lang='lat' dir='ltr'><strong>ignarus</strong></span> <span class='ocrx_word' id='word_1_657' title='bbox 1451 5063 1526 5131; x_wconf 83' lang='lat' dir='ltr'><strong>viae</strong></span> <span class='ocrx_word' id='word_1_658' title='bbox 1544 5073 1578 5129; x_wconf 88' lang='lat' dir='ltr'><strong>et</strong></span> <span class='ocrx_word' id='word_1_659' title='bbox 1595 5057 1758 5142; x_wconf 89' lang='lat' dir='ltr'><strong>locorum,</strong></span> <span class='ocrx_word' id='word_1_660' title='bbox 1778 5060 1922 5126; x_wconf 84' lang='lat' dir='ltr'><strong>maxime</strong></span> <span class='ocrx_word' id='word_1_661' title='bbox 1940 5060 2065 5146; x_wconf 86' lang='lat' dir='ltr'><strong>expetit</strong></span> <span class='ocrx_word' id='word_1_662' title='bbox 2075 5059 2176 5138; x_wconf 72' lang='lat' dir='ltr'><strong>‹lienu</strong></span> <span class='ocrx_word' id='word_1_663' title='bbox 2203 5126 2206 5131; x_wconf 87' lang='lat'><strong>.</strong></span> 
     </span>
    </p>
   </div>
   <div class='ocr_carea' id='block_1_23' title="bbox 0 0 2321 5588">
    <p class='ocr_par' dir='ltr' id='par_1_24' title="bbox 0 0 2321 5588">
     <span class='ocr_line' id='line_1_99' title="bbox 0 0 2321 5588; baseline 0 0"><span class='ocrx_word' id='word_1_664' title='bbox 0 0 2321 5588; x_wconf 95' lang='lat' dir='ltr'><strong> </strong></span> 
     </span>
    </p>
   </div>
   <div class='ocr_carea' id='block_1_24' title="bbox 1120 1348 2211 1516">
    <p class='ocr_par' dir='ltr' id='par_1_25' title="bbox 1120 1348 2211 1516">
     <span class='ocr_line' id='line_1_100' title="bbox 1120 1348 2211 1516; baseline -0.002 -25"><span class='ocrx_word' id='word_1_665' title='bbox 1120 1480 1129 1498; x_wconf 85' lang='lat'><strong>.</strong></span> <span class='ocrx_word' id='word_1_666' title='bbox 1194 1428 1373 1504; x_wconf 83' lang='lat' dir='ltr'><strong>est,&#39;iuxta</strong></span> <span class='ocrx_word' id='word_1_667' title='bbox 1394 1429 1532 1492; x_wconf 85' lang='lat' dir='ltr'><strong>dictum:</strong></span> <span class='ocrx_word' id='word_1_668' title='bbox 1555 1427 1675 1492; x_wconf 89' lang='lat' dir='ltr'><strong>Venite</strong></span> <span class='ocrx_word' id='word_1_669' title='bbox 1693 1428 1977 1495; x_wconf 86' lang='lat' dir='ltr'><strong>benedictiPatris</strong></span> <span class='ocrx_word' id='word_1_670' title='bbox 1999 1348 2175 1516; x_wconf 49' lang='grc' dir='ltr'><strong>οιιὲῗΐέῑοῗ</strong></span> <span class='ocrx_word' id='word_1_671' title='bbox 2207 1482 2211 1489; x_wconf 94' lang='grc'>.</span> 
     </span>
    </p>
   </div>
  </div>
 </body>
</html>
