4628 5588
150 139 204 232 'st

161 361 198 416 et
217 348 379 427 laetatur,
400 369 477 413 cnm
500 350 564 412 iam
589 367 712 413 aurora
738 345 848 413 lucem
874 368 1039 434 spargere
1065 351 1146 414 inci·

160 438 224 522 pit:
246 435 296 500 lta
318 454 433 498 omnes
452 435 494 518 pii
509 436 696 518 cogitantes
717 435 749 497 in
770 433 912 520 caligine
926 435 1023 499 huius
1045 438 1145 514 vitae,

163 518 272 608 qualis
293 522 338 585 sit
349 520 455 598 Deus,
479 532 513 583 et
530 519 639 605 qualis
660 521 705 584 sit
726 521 894 586 distinctio
912 519 1146 600 Personarum,

161 606 303 674 maxime
324 617 483 691 expetunt
506 602 631 670 clarnm
654 618 873 691 conspectum
896 610 928 670 in
946 606 1143 672 alteravita.

31 688 38 699 ’
151 698 256 760 ¹ltem:
279 692 365 767 Quia
387 693 542 776 sentiunt,
564 713 602 755 se
632 692 741 758 adhuc
771 689 985 757 circumferre
1008 694 1144 756 immun·

163 780 278 844 diciem
301 782 334 842 in
356 777 421 843 hao
451 778 537 856 vita,
570 796 656 862 quae
678 776 832 863 displicet
853 778 947 857 Deo,
969 776 1144 857 laetentur,

163 886 237 931 cnm
270 864 382 930 sciunt
404 865 439 928 in
471 878 578 928 morte
605 865 667 928 has
700 865 842 929 exuvias
869 865 1055 929 immundas
1069 879 1073 891 ’
1089 865 1145 929 de·

163 952 254 1038 poni.

247 1102 342 1168 llaec
365 1102 481 1166 decem
504 1102 615 1249 capita
639 1099 880 1167 consolationis
909 1105 976 1168 sint
1002 1102 1036 1170 in
1065 1124 1144 1168 con·

163 1202 293 1273 spectu,
323 1209 409 1336 (pm
432 1191 505 1251 sine
528 1211 547 1250 u
564 1186 596 1251 la
618 1179 820 1254 dubitatione
841 1191 1072 1273 piis-prosunt.
1101 1188 1145 1254 Et

56 1282 61 1289 '
164 1277 217 1361 qui
242 1294 282 1338 ea
304 1276 335 1339 di
353 1277 480 1360 igenter
499 1275 769 1353 considerabunt,
792 1273 979 1361 intelligent
1001 1277 1145 1339 exueris

165 1361 277 1426 causis
300 1374 431 1444 sumpta
453 1380 542 1437 esse,
570 1358 798 1438 rirlelicet,·ex
824 1360 913 1445 Lege
935 1377 968 1427 et
990 1361 1145 1446 Evange-

163 1444 227 1523 lio,
250 1459 283 1510 et
304 1445 540 1529 amplissimam
562 1445 605 1507 de
626 1445 766 1530 singulis
789 1448 973 1512 doctrinam
1001 1450 1033 1511 in
1063 1449 1145 1511 scri·

163 1533 229 1618 ptis
251 1531 459 1620 l’roplreticis
479 1543 515 1595 et
532 1531 738 1614 Apostolicis
761 1533 966 1617 propositam
983 1552 1072 1598 esse.

249 1684 322 1749 Erit
349 1697 384 1750 et
410 1683 496 1750 haec
524 1687 748 1750 consideratio
777 1698 890 1771 grata,
923 1687 1037 1750 videre
1064 1705 1146 1770 quo·

164 1773 265 1837 modo
293 1769 473 1835 antecellat
501 1773 533 1835 in
562 1772 626 1836 hac
659 1782 752 1835 tanta
781 1793 817 1835 re
845 1773 996 1836 rloetrioa
1029 1769 1145 1837 Eccle-

165 1858 237 1922 siae
260 1859 414 1922 remediis
432 1856 700 1941 i‘lrilosophicis,
723 1877 810 1942 quae
830 1878 898 1921 non
920 1856 1042 1923 tollunt
1067 1880 1145 1944 pec·

165 1954 273 2008 catum
291 1957 325 2007 et
348 1956 496 2008 mortem.

250 2094 481 2161 Certissimnm
503 2097 548 2160 sit
569 2108 695 2174 antem,
720 2092 902 2160 efficaciam
925 2096 1044 2162 harum
1066 2117 1146 2162 eon·

163 2178 364 2247 solationum
388 2184 529 2266 experiri
553 2202 737 2247 conversos
760 2181 922 2247 adDenm
945 2184 977 2246 iu
998 2204 1077 2248 vera
1098 2184 1146 2246 in-

164 2269 358 2345 vocatione,
380 2270 471 2332 iuxta
493 2268 633 2332 dietum:
662 2270 783 2332 luroca
805 2289 857 2333 ute
879 2269 912 2331 in
935 2270 987 2333 die
1008 2266 1145 2334 tribula·

164 2355 273 2432 tionis,
298 2366 331 2417 et
348 2353 482 2438 eripiam
505 2364 549 2434 te,
573 2365 605 2417 et
628 2350 835 2441 glorificabis
856 2374 920 2418 me.

248 2495 345 2557 ltem:
367 2489 485 2569 Petite,
507 2502 540 2556 et
558 2490 739 2575 accipietis.

202 2712 211 2731 ·
249 2630 344 2692 item:
367 2626 461 2692 Facit
482 2623 626 2692 alienum
648 2646 746 2710 opas,
769 2636 807 2691 ut
833 2622 938 2692 iaciat
960 2646 1046 2712 opus
1067 2648 1144 2713 pro·

160 2733 278 2797 prtum.

248 3042 323 3124 nn
347 3002 706 3127 'cnusmmm
738 3040 1064 3127 erasurum

155 3294 276 3398 ‚Quot
310 3311 405 3380 sunt
444 3297 595 3409 gradis
633 3295 886 3429 Christianae
923 3298 1145 3382 libertatis?

248 3512 398 3577 Decentii
414 3533 517 3578 causa
537 3515 664 3601 gradus
687 3514 930 3598 distinguimus,
952 3524 987 3578 et
1007 3515 1146 3597 primunt

164 3599 206 3663 de
232 3600 371 3666 nomine,
399 3621 583 3665 monemus.
629 3597 712 3664 Cam
741 3596 895 3663 Emtesta
923 3599 955 3663 in
985 3597 1146 3667 hacona

162 3683 271 3749 adhuc
294 3683 503 3751 circumferat
524 3698 676 3771 peecata,
699 3694 731 3748 et
753 3688 797 3750 sit
818 3687 970 3749 subiecta
994 3687 1089 3749 morti
1114 3697 1146 3749 et

164 3772 267 3848 cruci,
290 3783 324 3834 et
341 3770 508 3856 ailligatnr
526 3769 722 3849 aDiaholis,
744 3770 920 3856 Tyrannis,
944 3786 976 3834 et
993 3768 1146 3835 fanaticis

163 3852 368 3933 hominibus,
401 3868 435 3920 et
457 3859 488 3920 in
512 3856 659 3942 imperiis
682 3878 846 3940 oppressa
869 3858 913 3921 sit
937 3856 1021 3921 tristi
1042 3860 1146 3922 servi·

163 3954 250 4021 tnte,
282 3942 410 4006 videtur
431 3939 585 4009 Ecclesia
613 3938 703 4007 falso
725 3953 759 4007 et
785 3939 888 4006 stulte
910 3940 999 4007 hanc
1020 3938 1164 4029 glorio-¹

161 4045 235 4091 sam
256 4024 512 4112 appellationem
535 4026 698 4093 libertatis
721 4029 784 4093 sibi
807 4029 963 4093 tribuere.

248 4162 318 4227 Sed
340 4165 496 4228 intuenda
518 4176 569 4228 est
591 4167 731 4251 primum
749 4176 979 4229 consummata
995 4163 1146 4245 libertas,

164 4269 236 4315 cem
258 4260 336 4333 post
358 4252 636 4315 resurrectionem
653 4250 748 4315 Deus
771 4252 833 4315 erit
856 4253 966 4316 omitia
988 4253 1019 4315 in
1043 4254 1145 4315 omni-

163 4335 226 4399 bus
248 4333 406 4412 solvatis,
439 4335 564 4414 idest,
598 4359 671 4402 cnm
694 4327 849 4401 Ecclesia
871 4338 961 4401 vivet
990 4338 1058 4401 rita
1085 4359 1145 4401 ae-

163 4431 268 4497 terna,
291 4432 324 4484 et
352 4418 492 4508 fulgebit
519 4423 551 4485 in
580 4444 620 4488 ea
649 4422 742 4488 Dens
772 4426 860 4508 ipse,
896 4424 1145 4487 communicans

164 4524 257 4569 suam
278 4501 405 4585 lucem,
428 4509 640 4591 sapientiam,
664 4509 837 4588 iustitiam,
860 4507 1015 4574 laetitiam
1038 4522 1145 4574 aeter-

161 4611 249 4741 ιιὶἶιιι,
272 4593 346 4657 siue
367 4607 518 4678 peccato,
542 4595 615 4658 siue
636 4606 755 4674 morte,
777 4596 851 4661 siue
873 4594 950 4661 ullis
975 4591 1145 4661 calamita·

162 4686 176 4741 i
211 4697 262 4744 us.

834 160 875 225 n
919 158 1109 226 nxaueu
1129 116 1509 227 onomaunouma

1196 348 1287 413 tione
1316 359 1350 413 et
1379 350 1662 415 consummatione
1691 337 1814 416 dictum
1841 363 1894 417 est
1919 351 2035 420 lohan.
2062 353 2092 422 8.
2137 354 2177 422 Sl

1196 454 1259 499 vos
1281 432 1382 499 Filias
1400 432 1602 514 liberaverit,
1625 458 1705 503 vere
1727 437 1823 503 liberi
1845 440 1947 511 eritis.

1281 586 1418 653 Liberat
1450 599 1559 653 autem
1585 587 1688 654 Filius
1721 588 1787 655 Dei
1820 590 2011 674 dupliciter:
2056 591 2175 659 Merito

1196 683 1230 779 et
1250 671 1416 823 lpliicacia.
1461 674 1546 740 Hinc
1574 688 1649 740 snut
1682 689 1827 762 quatuor
1858 680 1983 764 gradus
2014 675 2176 746 libertatis

1195 780 1229 824 m
1274 780 1316 825 ac
1337 772 1415 826 vrta.
2136 782 2139 787 ·

1281 911 1305 982 h
1337 914 1468 979 Primus
1490 924 1543 979 est
1565 914 1691 993 Gratia,
1713 917 1747 980 id
1769 928 1831 993 est,
1854 916 2022 983 liberatio
2041 915 2177 1004 altege,
2251 987 2254 995 ,

1196 1010 1228 1064 et
1249 1019 1270 1063 a
1294 1001 1567 1064 condemnatione
1590 1015 1742 1080 aeterua,
1778 1004 1867 1087 quod
1898 1001 2053 1069 videlicet
2082 1016 2177 1070 certo

1196 1086 1315 1149 dantur
1336 1087 1488 1150 remissio
1511 1100 1742 1170 pcccatorum,
1772 1087 1997 1154 reconciliatio
2006 1117 2026 1167 ,ι
2039 1091 2177 1174 imputa·

1196 1173 1241 1235 tio
1263 1172 1407 1235 iustitiae
1428 1187 1564 1257 propter
1587 1172 1833 1254 lllediatorem„
1850 1176 1972 1261 gratis,
2001 1175 2085 1254 lide,
2112 1193 2180 1261 qua

1196 1255 1232 1321 fir
1254 1254 1433 1322 vivificatio
1464 1269 1496 1321 et
1525 1257 1677 1323 liberatio
1700 1262 1743 1324 ab
1765 1271 1899 1325 aeterna
1920 1262 2042 1341 ltlorte,
2065 1271 2100 1325 et
2121 1262 2179 1326 do·
2260 1310 2265 1320 .
2294 1291 2306 1297 ·

1195 1356 1293 1407 natur
1314 1343 1503 1408 haereditas
1521 1345 1608 1408 vitae
1631 1357 1793 1412 aeternae.

1282 1496 1321 1562 ll.
1366 1494 1542 1563 Secundus
1565 1499 1692 1583 gradus
1714 1454 1767 1564 eht
1795 1521 1868 1565 cum
1898 1502 2009 1585 priore
2041 1501 2179 1565 coninn·
2235 1534 2240 1541 -

1197 1596 1284 1662 etus,
1313 1581 1482 1648 videlicet:
1506 1583 1640 1648 Donum
1668 1606 1730 1669 per
1757 1588 1917 1672 gratiam,
1950 1588 1983 1650 id
2012 1584 2083 1665 est,
2107 1583 2209 1650 Ftltt.

1196 1667 1346 1733 efficacia
1379 1672 1412 1735 in
1441 1672 1654 1734 credentibus
1687 1692 1749 1755 per
1782 1668 2018 1757 Evangelium,
2052 1684 2086 1736 et
2119 1691 2181 1755 per

1196 1756 1352 1839 Spiritum
1385 1768 1553 1834 sanctum,
1588 1776 1674 1840 quac
1701 1756 1856 1824 efficacia
1888 1771 1941 1823 est
1974 1756 2179 1836 Virilicatio,

1196 1842 1229 1904 id
1252 1850 1316 1916 est,
1338 1839 1524 1905 consolatio
1547 1853 1581 1904 et
1602 1841 1770 1907 inchoatio
1793 1845 1881 1906 ritae
1899 1857 2067 1920 aeternae,
2088 1845 2181 1907 iuste

1197 1926 1414 1991 hoodictum:
1439 1927 1530 1991 llaec
1551 1928 1681 1991 estvita
1703 1940 1850 2006 aeterua,
1877 1941 1914 1993 ut
1935 1940 2125 2016 agnoscant
2148 1940 2181 1993 te

1197 2011 1305 2076 Deum
1331 2032 1465 2089 verum,
1498 2023 1534 2077 et
1564 2033 1663 2098 quem
1695 2015 1812 2078 misisti
1844 2015 1953 2079 lesum
1982 2034 2060 2079 esse
2087 2012 2181 2079 Chri·

1197 2109 1293 2161 stum.

1282 2250 1346 2315 Est
1377 2261 1410 2315 et
1438 2249 1606 2316 inchoatio
1632 2272 1741 2316 novae
1770 2252 1997 2332 obedientiae,
2030 2265 2063 2318 et
2085 2252 2181 2319 Deus

1197 2357 1359 2421 praesens
1380 2357 1441 2422 per
1463 2335 1580 2401 Filium
1608 2349 1642 2401 et
1670 2337 1825 2421 Spiritum
1855 2351 2004 2404 sanetum
2027 2338 2182 2403 mirabili·

1195 2435 1247 2487 ter
1269 2424 1371 2507 regit,
1404 2435 1516 2488 servat
1538 2437 1571 2487 et
1593 2420 1740 2487 defendit
1761 2421 1966 2504 Ecclesiam,
1999 2437 2034 2489 et
2056 2427 2183 2510 mitigat
2233 2500 2236 2505 ³

1197 2505 1413 2573 calamitates.
1461 2507 1504 2572 Ut
1541 2508 1607 2571 hoc
1638 2509 1745 2593 gradu
1774 2508 1935 2574 libertatis
1974 2506 2068 2574 liberi
2103 2521 2183 2576 sunt

1198 2606 1268 2657 tres
1300 2595 1362 2658 viri
1394 2595 1426 2657 in
1455 2593 1592 2677 fornace
1607 2592 1841 2679 Babylonica.
1874 2596 1930 2681 qui
1959 2596 2022 2660 etsi
2047 2609 2125 2660 sunt
2146 2597 2181 2661 in

1197 2679 1312 2743 mediis
1346 2676 1502 2756 flammis,
1535 2692 1644 2743 tamen
1676 2701 1742 2743 nou
1771 2694 1920 2746 uruntur.
1965 2680 2023 2746 Sic
2047 2700 2181 2765 semper

1196 2762 1351 2828 Ecclesia
1367 2762 1559 2829 mirabiliter
1585 2766 1671 2829 inter
1692 2767 1819 2831 medias
1840 2765 1990 2831 llammns
2012 2780 2179 2832 servatur.
2250 2774 2253 2779 '

1282 2933 1324 2998 lli
1360 2934 1426 2998 duo
1462 2934 1588 3019 grados
1623 2934 1949 3018 comprehenduntur
1978 2934 2033 3000 his
2066 2937 2180 3002 dietiar

1196 3017 1314 3085 Gratia
1346 3030 1380 3083 et
1411 3019 1535 3084 veritas
1568 3040 1629 3103 per
1661 3020 1770 3087 lesum
1798 3019 1968 3086 Christum
1996 3018 2086 3087 faeta
2117 3032 2181 3101 est,

1196 3107 1312 3183 idest,
1334 3103 1586 3183 Reconciliatio,
1608 3118 1642 3170 et
1655 3127 1736 3172 vera
1757 3128 1798 3172 ae
1812 3120 1948 3172 aeterna
1970 3110 2069 3173 bona.
2100 3108 2181 3173 ltem
2219 3150 2232 3193 ι

1197 3190 1367 3256 Romanos
1393 3190 1440 3254 ta.
1476 3191 1591 3255 Gratia
1615 3191 1696 3270 Dei,
1729 3205 1763 3257 et
1796 3193 1919 3258 donum
1945 3214 2007 3277 per
2030 3193 2181 3259 Gratiam

1196 3277 1273 3341 lesu
1296 3275 1421 3342 Christi
1442 3276 1476 3341 in
1497 3275 1621 3343 multos
1644 3281 1848 3344 exuberavit.
2262 3276 2268 3289 '

1283 3445 1337 3512 lll.
1382 3446 1514 3512 Tertius
1547 3449 1689 3534 gradus,
1732 3459 1769 3512 ot
1801 3449 1942 3513 docendi
1975 3449 2083 3534 gratia
2114 3468 2182 3513 nou

1197 3530 1361 3597 subtiliter
1389 3530 1582 3618 loquamur,
1614 3545 1668 3598 est
1688 3530 1841 3599 liberatio
1870 3558 1891 3598 a
1921 3535 2118 3599 ceremoniis
2148 3546 2183 3600 et

1198 3615 1388 3682 forensibus
1421 3616 1554 3704 legibus
1588 3618 1698 3684 tttotst.
1744 3618 1842 3692 Quod
1876 3620 1926 3682 sic
1959 3617 2180 3705 intelligatnrt

1197 3704 1281 3768 Cum
1301 3704 1440 3781 institia,
1473 3705 1516 3767 de
1538 3724 1611 3789 qua,
1632 3705 1766 3788 proprie
1792 3706 2008 3771 concionatur
2029 3705 2183 3792 Evange·
2233 3742 2236 3747 ·

1197 3786 1287 3868 lium,
1309 3792 1353 3853 sit
1374 3790 1525 3853 retnissio
1548 3802 1774 3874 peccatorum,
1802 3802 1836 3855 et
1858 3787 2086 3858 reconciliatio
2108 3813 2184 3859 cum

1198 3873 1292 3953 Deo,
1325 3887 1359 3939 et
1392 3888 1622 3940 consummata
1655 3878 1804 3957 novitas,
1838 3898 1937 3962 qnam
1966 3879 2000 3943 in
2028 3877 2092 3943 hac
2114 3879 2184 3943 vite

1198 3959 1348 4025 inchoari
1370 3972 1514 4045 oportet,
1536 3963 1581 4026 sit
1604 3962 1676 4047 ipsa
1698 3975 1836 4028 aeterna
1849 3965 1929 4043 vita,
1952 3964 1985 4028 in
2008 3962 2183 4049 qnaDena

1199 4049 1260 4111 erit
1282 4053 1392 4113 omnia
1412 4047 1457 4133 ¹in
1481 4049 1652 4128 omnibus,
1686 4061 1720 4114 et
1750 4049 1929 4135 colligatur
1956 4048 2113 4114 Ecclesia
2141 4068 2184 4113 ex

1199 4134 1351 4197 omnibns
1375 4130 1557 4210 Gentibus,
1588 4155 1654 4201 non
1683 4146 1761 4199 sunt
1784 4132 1909 4221 alligati
1934 4133 2114 4199 Christiani
2138 4132 2184 4198 ad

1198 4216 1301 4282 ullius
1324 4219 1434 4305 gentis
1456 4216 1620 4304 politiam:
1655 4221 1723 4287 Sed
1746 4236 1887 4305 possunt
1911 4222 1957 4285 nti
1981 4219 2125 4303 imperiis
2148 4228 2182 4283 et

1196 4301 1328 4389 legibus
1356 4302 1522 4389 politicis,
1563 4329 1630 4372 non
1669 4310 1893 4393 pugnantibus
1931 4327 2007 4369 cam
2040 4300 2182 4370 naturali

1198 4391 1343 4468 natione,
1384 4394 1573 4477 ubieunque
1606 4394 1739 4469 vivunt,
1781 4392 1875 4457 Sicut
1906 4392 2023 4473 spatiis
2056 4391 2182 4456 dierum

1198 4475 1411 4542 dissimilibus
1454 4492 1591 4545 utuntur
1637 4477 1819 4544 Christiani
1864 4476 2015 4541 Venetiis
2064 4489 2097 4542 et
2149 4479 2182 4542 iu

1197 4561 1353 4627 Saxonia.
2114 4594 2120 4601 ·

1282 4682 1405 4820 lugens
1439 4702 1637 4801 beneficium
1671 4732 1734 4798 Dei
1767 4731 1847 4812 snit,
1881 4735 1971 4820 qnod
2004 4732 2181 4803 Ecclesiae
2294 4798 2298 4805 .

248 4813 344 4879 lianc
381 4825 640 4879 consummatam
671 4810 857 4879 libertatem
897 4818 1064 4882 intuentes
1097 4817 1145 4881 in·
1197 4828 1322 4882 certam
1360 4824 1474 4888 sedem
1509 4823 1598 4887 dedit
1636 4821 1669 4884 in
1703 4819 1817 4903 politia
1839 4819 1936 4885 rlloisi
1961 4843 2068 4886 annos
2091 4817 2181 4887 mille

164 4895 351 4985 telligemus
374 4912 554 4987 utcunque,
584 4901 651 4966 hoc
680 4899 847 4965 vocabulo
868 4924 991 4990 magna
1013 4916 1046 4968 et
1062 4924 1145 4969 vera
1197 4905 1397 4990 quingentos
1431 4908 1623 4994 octuaginta
1652 4906 1750 4971 duos.
1803 4906 1847 4972 Et
1879 4918 1916 4973 nt
1947 4906 2033 4972 haec
2065 4904 2182 4993 politia

162 4985 251 5049 hona
272 4984 465 5071 significari.
503 4988 572 5051 Sed
595 5000 704 5052 tamen
728 4987 876 5052 inchoari
898 4988 985 5054 haec
1008 5002 1145 5055 aeterna
1197 4991 1353 5057 distincta
1385 5006 1477 5059 esset
1508 5014 1529 5057 a
1562 4993 1746 5072 Gentibus,
1788 5006 1899 5058 certos
1932 4994 2015 5058 ritus
2047 4993 2180 5058 habuitt

162 5071 253 5136 bona
279 5072 312 5136 in
337 5070 400 5137 hac
421 5073 552 5138 mortali
580 5074 648 5139 vita
675 5084 818 5156 oportet.
869 5071 912 5138 Et
939 5077 981 5141 de
1009 5075 1145 5166 inchoa·
1196 5075 1389 5149 QniaDens
1410 5077 1516 5144 voluit
1530 5092 1645 5146 notum
1665 5100 1742 5148 esse
1763 5077 1888 5157 locum,
1910 5091 1944 5144 et
1965 5090 2077 5145 notam
2098 5077 2179 5165 gen·

317 5207 465 5251 namura.
478 5209 560 5253 oran.
574 5209 637 5252 von
651 5208 737 5250 xxm.
1955 5199 1973 5251 t
