4628 5588
174 347 291 453 Quae
331 345 411 430 snit
443 346 568 459 impia
604 347 789 430 doctrina
827 348 1152 432 Novatianorum

144 511 150 520 ·
454 460 526 601 'de
559 466 841 551 Poenitentia?
971 477 975 487 '

253 665 295 731 dn
316 667 400 731 nrba
426 663 630 733 Alexandria
650 664 807 737 Meletius
828 662 907 744 luit,
951 666 984 732 ui
1006 669 1154 755 negavit,

172 746 483 837 post'ssapttsmum
503 750 609 836 lapsis
632 753 665 816 in
687 748 864 817 manifesta
883 686 1016 817 sedem
1032 752 1154 818 remitti

171 847 321 989 ἵππω.
355 835 505 902 Eundem
527 858 672 903 errorem
694 836 846 903 Novatus
870 837 995 902 Rornae
1017 840 1151 924 sparsit.

203 935 216 988 t
247 945 325 987 cum
358 934 498 1008 uterquc
530 943 671 1009 magnos
699 935 816 988 coetus
844 924 1153 1008 superstitiosorum

172 1008 342 1073 hominum
373 1006 526 1082 haberet,
563 996 829 1093 applaudentium
865 1007 942 1074 huic
974 1008 1152 1092 phanaum

158 1094 216 1158 ‘do
273 1095 338 1170 art,
362 1114 484 1178 magna
512 1091 704 1158 dilaceratio
727 1091 955 1159 Ecclesiarmn
977 1092 1067 1159 facta
1089 1106 1153 1172 est,

175 1191 208 1244 et
241 1179 288 1243 uit
309 1179 497 1243 diuturnum
520 1180 677 1243 schisma.
710 1177 754 1243 Et
775 1181 919 1263 superbe
943 1182 1153 1245 nominarunt

172 1261 283 1413 sesilli
306 1263 502 1349 hypocritae
529 1263 694 1351 καθαρούς.
740 1263 809 1329 Sed
836 1265 881 1328 sit
908 1266 941 1329 in
971 1277 1154 1351 conspectu

172 1371 208 1414 re
224 1350 341 1414 utatio.¹
830 1349 835 1361 “

257 1500 380 1567 Petrus
411 1513 489 1588 post
522 1503 651 1566 tristem
682 1500 814 1587 lapsam
849 1512 1006 1585 receptus
1044 1515 1097 1567 est
1133 1523 1155 1567 a

173 1584 320 1653 Christo.
353 1588 448 1652 Item:
471 1586 624 1652 incestus
646 1591 733 1672 apud
758 1587 949 1652 Corinthios
971 1599 1051 1670 post
1076 1607 1155 1673 poe·

174 1674 344 1755 nitentium
376 1685 531 1758 receptus
565 1685 669 1746 esna
702 1671 816 1738 Paulo.
871 1672 914 1735 Et
952 1670 1154 1738 adolescens

174 1758 334 1824 educatus
346 1779 366 1821 a
378 1757 534 1822 iohanne.
563 1756 606 1821 Et
618 1755 810 1823 Galatarum
823 1756 999 1824 Ecclesiae
1021 1760 1052 1823 in
1065 1759 1155 1843 Apo·

173 1839 225 1908 cal
272 1844 301 1907 si
339 1858 540 1910 revocantur
571 1844 615 1906 ad
648 1846 891 1928 paenitentiam.
954 1843 996 1907 Et
1035 1843 1154 1927 Petrus

172 1928 360 2077 Elpscopns
390 1928 635 1992 Alexandrinae
665 1927 821 1993 refutavit
848 1928 1018 1993 hleletinm
1045 1950 1154 1995 exem·

138 2038 142 2043 ·
171 2015 239 2099 pis
249 2015 371 2099 prioris
381 2013 568 2080 Ecclesiae.
603 2011 833 2079 (lentissimum
849 2027 901 2079 est
913 2016 1023 2099 igitur,
1038 2012 1155 2097 lapsos

172 2101 291 2164 iterum
320 2100 471 2165 converti
498 2118 601 2183 posse
628 2101 669 2163 ad
696 2099 821 2178 Deum,
850 2112 884 2164 et
914 2121 988 2164 cnm
1017 2103 1156 2165 1'edennt

172 2188 214 2250 ad
232 2188 486 2270 poenitentiam,
515 2184 579 2249 tide
607 2188 761 2271 accipere
783 2186 1016 2251 remissionem
1038 2206 1156 2270 pecca·

172 2282 292 2336 tarum.
325 2271 417 2335 llaec
442 2267 593 2353 exempla
610 2272 652 2337 ad
672 2269 896 2336 dulcissimam
914 2268 1064 2355 regulam
1077 2291 1156 2335 con·

197 2367 305 2438 ruerit,
327 2356 486 2421 Matthaei
520 2356 571 2420 18.
615 2356 783 2421 liemittite
804 2358 996 2442 septuagies
1018 2358 1155 2441 septies,

173 2376 238 2507 libi
259 2444 378 2507 :irentio
401 2441 440 2504 fit
455 2443 581 2505 numeri
601 2458 668 2504 non
685 2443 808 2528 exigui,
832 2455 868 2506 ut
880 2443 1026 2527 cogitent
1038 2462 1155 2530 omnes

172 2529 237 2612 pii,
264 2547 331 2591 non
352 2525 445 2593 leves
468 2528 587 2591 sordes
608 2526 749 2592 haerere
775 2527 807 2590 in
838 2531 990 2593 omnibus
1016 2526 1155 2592 homini·

173 2614 250 2689 bus,
272 2624 308 2677 et
329 2612 452 2678 multos
472 2610 588 2697 lapsus
610 2615 764 2680 accidere
787 2615 884 2678 etiam
906 2615 1154 2697 praestantibus

173 2696 383 2780 hominibus,
412 2700 498 2762 sicut
518 2698 710 2767 acciderunt
732 2699 852 2777 Adam,
873 2699 1020 2777 hareni,
1043 2698 1153 2778 Most

172 2783 306 2861 Dandi,
328 2783 449 2862 loaisa,
472 2784 572 2848 Petro
596 2796 630 2848 et
651 2785 737 2849 aliis.
759 2785 892 2859 *Simus
911 2786 1011 2871 igitur
1031 2805 1154 2850 memo·

175 2890 231 2934 res
255 2871 349 2934 dicti:
371 2871 446 2936 Non
466 2869 697 2936 iustificabitur
715 2872 747 2934 in
771 2882 955 2955 conspectu
972 2883 1030 2935 tuo
1047 2873 1153 2936 omnis

172 2957 301 3022 vivens.
346 2955 388 3020 Et
415 2957 469 3040 pie
500 2957 622 3020 dictum
656 2969 722 3021 est:
755 2957 845 3022 Ante
867 2969 943 3023 tuos
966 2954 1085 3021 oculos
1106 2955 1154 3022 nil

172 3042 235 3113 nisi
257 3041 357 3127 culpa
377 3063 503 3107 sumus.
547 3043 614 3105 Scd
641 3044 786 3107 sciamus
816 3045 1069 3114 conversionem
1098 3064 1154 3109 ne·

174 3130 355 3191 cessariam
378 3148 474 3206 csse,
498 3139 531 3193 et
552 3149 618 3192 non
642 3131 921 3213 perseverandum
944 3151 1021 3194 esse
1042 3132 1073 3193 in
1098 3132 1153 3195 de-

173 3213 257 3275 lictis
289 3222 407 3278 contra
434 3215 687 3292 conscientiam,
722 3216 809 3278 sicut
840 3216 944 3299 inquit
971 3214 1152 3279 Dominus:

172 3295 242 3361 h'isi
265 3300 499 3381 poententiam
522 3299 670 3386 egeritis,
692 3319 808 3363 onrnes
831 3299 980 3364 similiter
993 3303 1152 3384 peribitis.

173 3381 274 3454 Quod
295 3386 400 3468 ipsum
423 3386 543 3461 dictum
567 3385 666 3449 etiam
690 3387 810 3449 relidat
832 3386 1053 3466 Novatianos,
1076 3388 1154 3472 quia

173 3465 326 3535 Christus
347 3468 501 3536 hortatur
521 3468 707 3556 Apostolos
729 3472 771 3535 ad
793 3474 1037 3554 poenitentiam.

203 3813 455 3916 -Quomodo
483 3831 699 3899 numerant
728 3818 919 3928 Papistae
949 3831 1085 3931 partes
1143 3898 1146 3903 .

504 3937 813 4029 Poenitentiae?

257 4148 447 4215 liecensem
479 4160 512 4215 et
544 4152 607 4235 ipsi
640 4112 709 4216 tres
742 4164 875 4236 partes,
903 4148 1152 4236 Contritionem,

174 4233 428 4301 Coniessionem
447 4246 480 4300 et
503 4234 782 4304 Satisiactionem.
848 4264 852 4272 ⁴

644 4534 674 4616 1.

478 4685 544 4768 De
576 4682 838 4772 Contritione.

232 4863 239 4871 ¹
258 4883 419 4950 contritio
430 4887 623 4984 necessario
636 4896 841 4961 recensetur,
863 4887 1152 4973 utsupradictum

172 4981 236 5049 ast,
257 4972 334 5055 quia
355 4992 498 5037 necesse
514 4984 577 5050 est,
595 4994 660 5038 non
679 4992 897 5058 perseverare
915 4975 948 5039 in
966 4970 1150 5041 sceleribus

171 5067 289 5121 contra
311 5059 567 5137 conscientiam,
600 5058 662 5125 sed
690 5057 805 5126 dolere
830 5072 970 5145 propter
1001 5070 1152 5126 nosuarn

839 154 880 221 11.
922 153 1114 224 mnan
1135 157 1512 227 onnmannonun.

1129 548 1132 555 ·
1203 520 1437 601 poenitentiam

2073 222 2078 243 1
2140 167 2188 235 M

1204 347 1461 427 immundiciam,
1493 359 1527 413 at
1553 345 1676 415 delicta
1700 349 1859 430 actualia,
1880 351 1973 418 iuxta
1999 354 2123 421 dictum
2149 355 2185 423 9.

1205 429 1354 497 Corinth.
1383 434 1415 497 7.
1469 432 1616 500 'l'r'stitia
1647 456 1733 521 quaa
1766 437 1950 503 secundnm
1977 435 2086 503 Deum
2118 449 2190 521 esta

1527 521 1571 584 cit
1602 519 1647 585 ad
1678 518 1830 587 salutem.
1875 520 1973 588 item:
2005 526 2097 590 Sient
2127 523 2210 599 lem,

1205 606 1359 670 contrivit
1376 606 1486 669 omnia
1508 625 1590 670 ossa
1606 625 1691 672 mea.
1723 606 1822 672 ltem:
1844 606 1911 673 Ubi
1931 606 2096 675 habitabit
2110 609 2189 697 Dos

1200 689 1335 761 minus?
1378 689 1414 754 ln
1438 691 1562 774 Spiritu
1583 693 1738 772 contrito,
1760 704 1793 757 at
1825 703 1986 758 tremente
2008 715 2184 763 rerumne·

1204 793 1307 838 meos.
1353 774 1461 859 Supra
1489 788 1600 840 antem
1628 776 1751 844 dictum
1778 790 1845 856 est,
1876 777 2032 862 Papistas
2059 782 2186 847 addere

1203 860 1290 924 duos
1312 879 1447 925 amores
1467 863 1684 946 praecipuos,
1713 862 1887 942 videlicet,
1916 866 2007 950 quod
2030 876 2186 951 oporteat

1204 944 1425 1011 sufficientem
1451 965 1530 1011 esse
1558 948 1806 1027 contritionem,
1840 963 1873 1014 et
1900 952 2188 1035 quodtmereatur

1204 1032 1443 1097 remissionem.
1487 1031 1558 1097 lios
1584 1035 1793 1118 perniciosos
1826 1055 1960 1101 errores
1994 1038 2101 1102 axau
2127 1056 2186 1103 ne·

1205 1135 1303 1182 cesse
1324 1128 1387 1183 est

1509 1500 1575 1582 De
1606 1381 1881 1589 Colleaione.
1919 1544 1925 1559 ·
1958 1518 1968 1540 ‘

1292 1646 1436 1710 Primum
1458 1649 1549 1711 scias
1566 1647 1766 1712 vocabulum
1782 1646 2012 1713 confessionis
2033 1668 2102 1713 non
2119 1668 2187 1713 nno

1207 1730 1305 1794 modo
1332 1734 1483 1817 usurpari
1512 1735 1544 1795 in
1573 1734 1707 1817 scriptis
1736 1731 1946 1816 Propheticis
1981 1745 2013 1797 et
2041 1734 2187 1799 historiis

1206 1812 1390 1882 Ecclesiae.
1436 1817 1473 1885 ln
1501 1815 1635 1882 Psalmo
1660 1818 1714 1882 31.
1756 1817 1836 1883 Dixi
1858 1819 2041 1885 coniitebor
2068 1820 2186 1885 adver·

1206 1920 1280 1965 sum
1309 1923 1361 1966 me
1383 1903 1571 1967 iniustitiam
1597 1923 1704 1967 meam
1725 1902 1887 1982 Domino,
1921 1916 1955 1969 et
1982 1917 2019 1969 tu
2047 1905 2226 1991 remittis·
2271 1957 2279 1969 .

1206 1989 1408 2073 :mpietatem
1426 1990 1555 2071 peceati
1577 1989 1652 2053 mei.
1681 2004 1684 2009 ·
1740 2004 1745 2015 ’

1293 2123 1357 2188 llic
1385 2135 1417 2189 et
1445 2144 1549 2209 saepe
1577 2122 1655 2189 alibi
1684 2123 1854 2190 confessio
1883 2125 2050 2211 significat
2074 2146 2188 2191 veram
2305 2141 2311 2156 “

1193 2210 1438 2275 contritionem
1463 2231 1545 2296 erga
1565 2211 1692 2290 Deum,
1715 2214 1782 2295 qua
1803 2209 1902 2276 homo
1924 2213 2110 2277 innurediate
2130 2232 2189 2277 cc·
2278 2245 2285 2262 ·

1195 2302 1277 2359 'ram
1300 2294 1374 2359 Deo
1398 2294 1499 2374 dolet,
1523 2316 1562 2361 sa
1584 2296 1710 2362 habere
1732 2311 1882 2382 peccata,
1906 2308 1938 2362 et
1954 2297 2018 2362 tide
2035 2299 2117 2382 petit
2137 2317 2188 2375 re·¹

1207 2381 1399 2444 missionem
1422 2379 1552 2466 cnlpae,
1576 2394 1609 2447 et
1631 2384 1864 2466 mitigationem
1883 2391 2078 2466 poenarum,
2100 2382 2189 2451 sicut

1206 2466 1240 2528 in
1261 2465 1405 2531 Daniele
1426 2469 1557 2533 dicitur:
1588 2467 1662 2532 Tibi
1684 2468 1827 2533 Domine
1850 2470 1989 2547 iustitia,
2011 2471 2109 2534 nobis
2131 2490 2188 2535 au·

1207 2562 1273 2615 tem
1295 2551 1449 2618 confusio
1470 2553 1576 2617 iaciei.
1610 2555 1690 2619 item
1707 2553 1859 2620 Micheae
1880 2556 1911 2618 7.
1950 2552 2036 2619 lran:
2053 2552 2189 2621 Domini

1206 2642 1366 2720 portabo,
1396 2640 1474 2725 quia
1501 2643 1640 2726 peccavi
1669 2642 1710 2706 ei.
1754 2641 1848 2705 llaec
1877 2637 2047 2705 confessio
2077 2642 2188 2705 immo-

1206 2724 1293 2791 diate
1321 2726 1366 2789 ad
1393 2725 1498 2792 Deum
1521 2727 1634 2813 reipsa
1655 2729 1810 2792 contritio
1833 2739 1904 2806 est,
1933 2738 1967 2791 et
1991 2726 2190 2792 necessaria

1206 2821 1269 2875 cst.
2153 2823 2163 2837 “

1291 2950 1347 3015 Ad
1367 2949 1455 3031 hanc
1477 2935 1719 3015 accommodari
1749 2961 1860 3036 potest
1888 2950 2014 3015 diotnm
2039 2945 2187 3036 Chryso·

1205 3039 1314 3115 stomi,
1334 3038 1423 3122 quod
1447 3048 1538 3100 recte
1557 3035 1772 3122 intelligatur:
1797 3034 1883 3100 addin
1899 3032 2193 3110 οῧιωςῖλεωνκοιεῖ

1204 3122 1255 3187 rdr
1276 3119 1500 3207 brandeum
1529 3120 1547 3202 ἤ
1574 3122 1799 3205 ἐξομολόγησις,
1829 3121 1910 3187 nihil
1938 3126 1989 3187 sie
2019 3121 2188 3207 placatam

1204 3205 1286 3275 facit
1307 3209 1428 3288 Deunn
1450 3210 1535 3274 sicut
1557 3206 1738 3275 consessio.

1292 3328 1447 3393 Secunda
1466 3308 1666 3414 significatio
1688 3340 1758 3407 est,
1778 3325 1958 3393 Confessio
1981 3326 2189 3405 offensionis,

1205 3427 1238 3479 ct
1270 3417 1385 3498 petitio
1412 3413 1692 3479 reconciliationis
1722 3416 1810 3499 apud
1841 3412 1992 3478 homines
2027 3412 2187 3489 offensos,
2216 3488 2224 3495 ἢ

1203 3513 1241 3565 nt
1262 3500 1341 3564 dicit
1359 3500 1517 3565 lacobus:
1542 3499 1750 3565 Confitemini
1768 3511 1880 3563 mutuo
1899 3508 2038 3582 peccata
2061 3508 2185 3576 vestra,

1204 3588 1236 3650 id
1259 3597 1322 3665 est,
1347 3585 1472 3649 Sanate
1494 3588 1579 3650 inter
1601 3606 1664 3650 vos
1689 3585 1902 3662 offensiones,
1924 3579 2186 3647 sicuthlatth.5.
2290 3603 2293 3613 ·

1203 3673 1338 3736 dicitur:
1361 3671 1457 3735 Vade
1499 3673 1578 3748 rius,
1601 3680 1634 3736 ct
1653 3666 1979 3735 reconcilietisiiatri
1998 3680 2065 3733 tuo.
2096 3667 2186 3733 llaec

1204 3755 1374 3821 confessio
1398 3778 1462 3841 apu
1508 3755 1655 3820 offensos
1678 3758 1777 3820 etiam
1800 3767 1952 3840 estpars
1976 3752 2202 3819 contritionis*

1203 3861 1265 3906 seu
1281 3862 1390 3906 :novae
1408 3842 1629 3918 obedientiae,
1649 3843 1682 3906 in
1701 3839 1824 3906 talibus
1842 3841 1998 3928 negotiis,
2020 3858 2106 3925 qnae
2120 3858 2186 3905 non

1203 3941 1281 3992 suut
1304 3926 1447 3992 occulta.
1491 3925 1563 3991 liae
1592 3927 1854 4013 significationes
1883 3928 1917 3990 in
1946 3926 2081 4010 scriptis
2104 3923 2185 3989 Pro·

1202 4012 1344 4097 pheticis
1371 4026 1404 4077 et
1432 4010 1636 4115 Apostolicis
1665 4026 1756 4078 recte
1783 4013 2025 4078 discernendae
2058 4022 2136 4074 sunt
2164 4030 2185 4073 a

1203 4101 1338 4165 decreto
1358 4098 1543 4176 Pontihci0‚
1566 4100 1655 4184 quod
1678 4101 1840 4185 praecipit
1863 4096 2128 4177 consessionem,
2150 4095 2184 4159 id
2276 4150 2280 4159 .

1203 4197 1274 4263 est,
1308 4185 1589 4249 enumerationem
1603 4182 1816 4250 'delictorum
1848 4186 1945 4250 etiam
1974 4201 2183 4258 arcanorum,

1202 4270 1389 4336 faciendam
1419 4271 1722 4335 administrantibus
1756 4270 1982 4334 Sacramenta.
2037 4264 2090 4329 De
2118 4263 2183 4329 hac

1203 4358 1450 4421 enumeratione
1473 4357 1658 4441 quaeritur,
1688 4377 1755 4441 qna
1772 4356 1950 4420 occasione
1972 4360 2108 4436 receptu
2129 4352 2183 4449 sit?
2264 4382 2266 4387 ·

1203 4454 1236 4507 et
1253 4439 1411 4525 paulatim
1432 4439 1611 4519 cumulata,
1633 4451 1667 4505 et
1688 4462 1732 4505 an
1753 4442 1797 4505 sit
1818 4436 2033 4504 necessaria?

1201 4703 1322 4789 Unde
1355 4714 1418 4787 est
1448 4701 1664 4805 consessio,
1695 4712 1896 4810 quaeest
1926 4700 2180 4783 enumeratio
2287 4782 2296 4797 ,

1298 4825 1410 4931 apud
1440 4822 1766 4906 administrantes
1796 4818 2082 4904 Sacramenta?

1286 4944 1510 5057 despondeo:
1534 4942 1607 5033 'tito
1629 4969 1712 5034 ritus
1745 4980 1840 5034 ortus
1859 4980 1911 5033 est
1930 4987 1952 5033 a
1974 4961 2181 5051 spectaculis

1200 5055 1355 5144 publicae
1379 5055 1618 5143 poenitentiae,
1637 5075 1738 5140 quam
1759 5056 1810 5120 sic
1831 5055 2050 5143 nominarunt.
2093 5049 2180 5119 Nam
2267 5100 2271 5121 .

1935 5171 1974 5224 s·
2143 5216 2153 5231 „
