4628 5588
148 156 196 225 aa
717 155 865 254 ¹ruri.
887 107 1504 224 arauscarrrauocuanca
2059 190 2064 201 -
2111 114 2162 225 uc

93 423 96 432 Ι
147 344 266 433 pullati
283 346 481 426 sceleribus,
505 366 591 431 quae
611 345 739 431 passim
755 308 836 410 nota
857 357 964 425 eraut,
983 368 1057 414 cnm
1079 366 1132 410 re·
1182 347 1366 426 annuntiet,
1388 366 1451 412 seu
1470 343 1593 425 multis,
1616 364 1678 411 sea
1699 342 1852 433 singulis.
1889 344 1933 411 Et
1953 344 2039 413 brec
2059 347 2161 411 abso·

148 434 247 499 dlturi
279 434 323 496 ad
357 430 546 496 Ecclesiam
579 435 736 516 petebant
768 450 808 495 se
833 433 954 516 recipi,
988 452 1131 497 comme·
1182 428 1264 495 latio
1288 431 1324 497 tit
1345 433 1475 497 ratione
1495 433 1685 510 ministerii,
1707 444 1741 496 et
1762 444 1815 495 est
1837 429 2024 497 consolatio
2046 451 2160 496 coram

146 519 399 584 morabant‘sua
418 514 549 594 delicta,
566 519 714 596 ut,sicut
732 528 811 582 tunc
828 521 1131 599 consuetudoerat,
1181 515 1268 581 Deo.
1311 515 1391 582 Alia
1412 528 1465 584 cst
1485 513 1651 582 absolutio
1678 517 1711 580 in
1734 516 1943 594 criminibus,
1973 537 2059 602 quac
2081 527 2162 583 nota

147 601 357 689 pcr‘aliquot
379 605 451 668 dies
467 614 595 668 starent
618 604 650 667 in
673 600 809 688 templo,
832 624 907 667 cum
928 606 1035 692 signis
1057 624 1129 668 rea·
1181 615 1276 680 sunt,
1305 623 1391 688 quae
1423 602 1610 673 lit-ratione
1638 603 1894 678 iurisdictionis,
1928 622 2015 687 quae
2047 603 2161 666 distin·

66 758 76 771 ,
147 690 216 769 tuis,
239 700 274 753 et
295 690 415 754 deinde
435 686 575 774 publice,
589 689 826 774 reciperentur.

234 841 308 907 lloe
324 842 551 926 spectaculum
570 843 801 909 nominabatur
814 839 950 990 publica
961 841 1140 927 poeniten·¹

147 928 213 1006 tia,
245 938 278 992 et
306 930 493 1010 pertinebat
525 940 649 993 tantum
678 930 722 993 ad
755 925 811 1010 pol
828 940 900 993 utos
932 927 1128 1004 sceleribus,

148 1033 233 1100 quae
254 1014 380 1098 passim
403 1025 482 1078 nota
504 1025 615 1091 eram,
645 1025 678 1078 et
705 1033 913 1160 nequaquam
941 1015 1128 1079 merebatur

145 1101 376 1164 remissionem
399 1111 626 1184 peccatorum,
648 1120 757 1184 neque
779 1119 820 1162 cn
834 1118 898 1183 pue
920 1119 1029 1185 neque
1050 1118 1129 1182 pue·

65 1179 69 1187 ’
147 1203 230 1263 nae,
256 1185 318 1248 sed
341 1183 614 1249 corrrmonefactio
643 1196 714 1248 erat
735 1186 823 1266 apud
850 1181 936 1249 alios
964 1184 1127 1262 homiues,

147 1282 184 1336 ut
206 1281 322 1334 essent
350 1270 578 1356 diligentiores
601 1272 633 1333 in
657 1270 815 1334 carendis
838 1268 989 1355 lapsibus
1018 1284 1051 1335 et
1072 1291 1128 1333 co·

148 1357 291 1442 gitment
313 1357 355 1420 de
372 1358 598 1443 magnitudine
617 1367 838 1438 peccatorum,
862 1370 925 1420 etc.
950 1355 1041 1434 ltem,
1062 1352 1128 1418 Ex·

86 1490 90 1505 .
147 1438 289 1525 ploratio
312 1453 402 1521 erat,
436 1463 523 1526 quae
544 1443 759 1522 ostendebat,
785 1443 868 1507 istos
897 1443 986 1506 serio
1015 1452 1129 1526 petere

146 1527 387 1593 remissionem.

147 1821 272 1929 Fame
304 1822 554 1904 enumeratio
586 1821 766 1903 omnium
799 1833 872 1903 aut
901 1821 1127 1931 aliquorum

375 1943 614 2023 delictorum
644 1940 914 2041 necessaria?

233 2121 448 2204 Respondeo.
474 2118 590 2199 ,Nulla
620 2120 821 2184 enumeratio
851 2117 1046 2184 delictorum
1069 2139 1127 2183 ne·

1181 688 1315 774 guenda
1335 700 1387 754 est
1411 709 1432 752 a
1453 685 1627 772 principali
1648 687 1840 768 ministerio,
1869 698 1903 751 et
1932 689 2051 773 recipit
2072 707 2159 766 euru,

1180 776 1235 859 qni
1257 772 1365 839 fuerat
1386 794 1464 838 reus
1482 771 1689 859 publicorum
1713 775 1882 838 criminum
1901 792 2014 838 coram
2042 769 2163 837 Eccle-

1180 860 1241 924 sia.
1284 858 1377 925 llaec
1397 857 1477 926 alibi
1495 861 1665 944 copiosius
1687 857 1912 925 declarantur.

1438 1273 1504 1356 De
1534 1153 1893 1361 samdiifionibuc

1265 1469 1396 1536 Nomen
1429 1469 1677 1538 satisfactionis
1721 1492 1743 1535 a
1774 1469 1970 1554 spectaculo
2004 1470 2161 1556 publicae

1224 1555 1402 1621 enitentiae
1424 1567 1589 1641 sumptum
1612 1566 1675 1622 est.
1709 1555 1794 1619 Nam
1813 1569 1969 1640 utsupra
1987 1557 2066 1640 dixi,
2087 1577 2161 1622 mos

1194 1643 1240 1705 uit
1260 1640 1470 1707 inEcclesia
1493 1654 1636 1721 vetusta,
1658 1639 1804 1726 pollutos
1827 1640 2000 1706 atrocibus
2028 1655 2064 1706 et
2092 1663 2160 1706 ma·

1179 1723 1309 1790 nilestis
1320 1725 1517 1804 sceleribus,
1541 1748 1615 1792 cum
1633 1745 1672 1790 se
1684 1727 1784 1810 recipi
1799 1728 1967 1812 petebant,
1991 1724 2160 1793 collocare

1179 1813 1212 1876 iu
1240 1809 1317 1877 loeo
1346 1825 1439 1879 certo
1466 1811 1579 1897 templi
1611 1813 1814 1897 spectandos
1835 1813 1868 1876 in
1898 1823 1993 1877 reste
2014 1811 2158 1899 lugubri.

1180 1895 1274 1962 Sicut
1298 1910 1416 1962 nostro
1438 1911 1588 1983 tempore
1609 1898 1771 1983 interdum
1794 1898 2035 1981 Anabaptistae
2058 1898 2159 1981 depo·

1179 1983 1243 2047 sito
1283 2003 1398 2049 errore
1420 1986 1476 2051 ‚ita
1511 1985 1637 2067 recepti
1675 1994 1772 2060 sunt,
1811 1993 1847 2048 ut
1880 1981 2007 2068 aliquot
2041 1983 2158 2049 diebus

1178 2079 1256 2131 ante
1278 2065 1433 2151 templum
1456 2081 1585 2134 starent
1606 2070 1638 2132 in
1661 2080 1844 2152 conspectu
1864 2066 1989 2153 populi,
2007 2081 2041 2134 et
2061 2070 2160 2156 signa

1178 2172 1261 2217 suae
1277 2155 1500 2237 poenitentiae
1523 2154 1747 2218 ostenderent.
2205 2160 2211 2167 '

147 2208 294 2272 oessariu
315 2218 385 2284 est,
408 2207 486 2290 qnia
508 2202 716 2271 uranifestum
739 2217 808 2282 est,
826 2225 988 2290 nusquam
1011 2217 1128 2270 extare

169 2294 357 2376 raeccptu'm
387 2293 533 2356 divinum
562 2293 604 2356 dc
625 2290 881 2354 Enumeratione
908 2288 1126 2376 singulorum.
1265 2287 1327 2353 llic
1351 2308 1425 2353 mos
1447 2308 1655 2374 nequaquam
1686 2291 1936 2355 existimabatur
1961 2291 2079 2354 mereri
2107 2310 2159 2354 re·

146 2315 189 2444 dt
210 2379 416 2442 enumeratio
439 2380 582 2443 omnium
605 2389 656 2441 est
678 2374 909 2460 impossibilis,
931 2378 1017 2440 sicut
1045 2377 1126 2439 scri-
1178 2374 1370 2437 missionem
1385 2388 1612 2458 peccatorum,
1635 2393 1695 2439 seu
1718 2371 1837 2479 culpae
1857 2396 1917 2440 seu
1934 2394 2075 2460 poenae,
2096 2375 2158 2440 sed

145 2477 237 2551 ptum
256 2472 323 2525 est:
351 2461 486 2527 Delicta
512 2466 587 2548 quis
614 2459 788 2549 intelligit?
832 2463 898 2527 Sed
922 2462 1035 2547 petitio
1057 2462 1127 2525 Ab·
1178 2464 1264 2523 erat'
1281 2457 1509 2544 spectaculum
1546 2457 1734 2544 publicum,
1773 2464 1956 2525 institutum
1995 2463 2039 2525 ad
2072 2459 2158 2525 alios

64 2566 69 2573 ·
145 2547 322 2614 solutionis
355 2551 504 2631 privatae
537 2550 709 2613 retinenda
747 2557 800 2612 est
836 2569 897 2632 pro
923 2561 972 2612 ter
1004 2545 1125 2611 multas
1179 2544 1547 2623 commonefaciendus,
1579 2557 1615 2609 ut
1645 2547 1848 2630 cogitarent,
1882 2545 2008 2611 similes
2040 2543 2157 2632 lapsus
2202 2615 2205 2618 ,

146 2635 364 2721 gravissimas
388 2654 521 2698 causas.
565 2634 649 2698 Nam
671 2654 739 2698 vox
762 2569 937 2718 Evangelii
959 2646 992 2697 et
1013 2630 1125 2697 multis
1178 2629 1331 2695 vitandos
1354 2651 1442 2695 esse.
1485 2630 1567 2695 Erat
1583 2631 1680 2695 etiam
1703 2623 1942 2717 qualiscunque
1958 2630 2158 2716 exploratio,

145 2732 180 2784 et
201 2716 360 2806 singulis,
390 2721 447 2805 qui
472 2722 514 2785 ad
537 2718 644 2785 Deum
669 2733 922 2799 convertuntur,
949 2730 983 2784 et
1006 2739 1126 2784 conso·
1178 2735 1220 2779 an
1243 2713 1291 2779 illi
1319 2717 1408 2781 serio
1436 2726 1587 2801 peterent
1616 2737 1654 2780 sc
1683 2717 1797 2800 recipi,
1841 2716 1915 2781 Fuit
1941 2717 1973 2781 in
2004 2718 2158 2782 omnibus

144 2801 302 2870 lationem
314 2816 440 2888 petunt,
464 2806 691 2869 remissionem
709 2816 922 2889 peecatorum
940 2805 1126 2884 annuntiat,
1177 2803 1279 2865 rebus
1297 2801 1460 2867 Vetustus
1472 2803 1636 2881 severior,
1659 2823 1756 2887 quam
1775 2803 1861 2866 bace
1877 2800 1992 2868 ultima
2003 2816 2036 2869 et
2053 2800 2158 2867 delira

144 2891 236 2956 iuxta
257 2891 396 2954 dictum:
419 2890 567 2962 Quorum
583 2892 777 2955 remiseritis
788 2902 938 2975 peccata,
961 2891 1125 2955 remitten·
1177 2888 1289 2963 arnadi
1311 2900 1416 2953 aetas.
1460 2888 1539 2952 ldeo
1562 2888 1837 2952 excommunicati
1866 2907 1928 2972 pro
1952 2900 2003 2953 ter
2024 2890 2159 2967 caedes,

144 2976 279 3042 tureis.
313 2974 355 3040 Et
378 2973 457 3040 nibil
479 2966 614 3041 dubium
632 2987 696 3054 est,
718 2977 934 3041 Sacramenta
950 2996 1030 3041 rere
1047 2996 1125 3041 esse
1176 2985 1298 3056 postea
1315 2975 1514 3041 arcebantur
1536 2994 1557 3037 a
1579 2974 1737 3039 convictu
1760 2971 1901 3038 aliorum
1923 2909 2102 3053 dominum,
2124 2985 2159 3040 et

144 3058 397 3146 applicationem
427 3059 594 3149 generalis
627 3063 859 3146 promissionis
886 3062 927 3125 ad
961 3059 1125 3146 singulos,
1177 3060 1339 3142 gerebant
1357 3069 1451 3123 certa
1472 3061 1569 3143 signa
1582 3069 1705 3136 reatus,
1728 3071 1764 3123 ut
1781 3056 1838 3123 alii
1857 3058 2008 3126 homines
2020 3062 2158 3139 scirent,

144 3149 231 3212 sicut
250 3144 374 3212 l’anlus
396 3148 513 3232 inquit,
536 3145 830 3213 Circumcisionenr
854 3144 959 3212 fuisse
980 3145 1126 3232 sigillum
1177 3162 1292 3208 eorum
1314 3145 1587 3210 consuetudinem
1611 3145 1779 3209 vitandam
1800 3165 1889 3209 csse.
1951 3159 1958 3165 ·

143 3233 298 3309 iustitiae,
320 3233 353 3294 id
375 3244 438 3309 cst,
460 3232 811 3298 commonefactionem
833 3233 876 3298 de
893 3233 1125 3318 promissione,
1295 3296 1303 3316 ,
1615 3297 1623 3317 ‚
1740 3299 1748 3317 ,
1783 3298 1792 3317 ‚
1963 3294 1967 3304 ,

708 3330 715 3337 ”
1261 3295 1421 3448 'suu
1438 3297 1979 3448 *tre
2255 3405 2258 3409 ¹

230 3456 410 3520 Ρΐᾶθῐθῑθθ
436 3463 581 3540 Telemo·
598 3457 672 3540 'ritu
710 3456 860 3539 sirivaldo
893 3453 1125 3520 Absolulicnis
1175 3464 1335 3552 seiplinae
1355 3406 1497 3557 νθςῑίαὲἰζ
1518 3480 1648 3534 retenta
1675 3406 1785 3548 su'nt,p
1805 3406 1919 3534 235}pr
1949 3405 2155 3534 (gaggando

144 3543 250 3627 magis
282 3543 314 3605 in
338 3539 494 3607 Ecclesia
527 3543 728 3624 corispicitur
755 3542 930 3640 discrimen
961 3540 1063 3629 Legi-‘⁸
1093 3553 1126 3605 ei
1176 3556 1306 3618 mansit,
1352 3555 1492 3620 Orestes
1514 3554 1688 3619 interfecta
1709 3566 1814 3619 matre
1835 3557 1943 3640 gessit
1965 3557 2063 3642 signa
2084 3575 2158 3619 m.
2274 3597 2280 3605 .

144 3624 331 3711 Evangelii,
354 3641 387 3692 et
409 3627 594 3693 ostenditur
614 3630 836 3692 testimonium
855 3630 936 3711 ipsis
954 3624 1125 3712 exemplis,
1176 3650 1249 3717 tus,
1282 3650 1330 3717 ut,
1353 3642 1544 3724 ubicunque
1572 3641 1776 3724 vagabatur,
1809 3642 1930 3705 caeteri
1963 3639 2157 3708 honpnes,

145 3714 234 3798 quoii
267 3713 299 3775 in
321 3711 506 3798 Evangelio
536 3714 726 3778 mandalum
749 3713 904 3778 traditum
932 3714 976 3776 Sil
1002 3715 1044 3778 tle
1072 3733 1125 3778 ΓΘ·
1176 3725 1330 3789 οοῃιίοω
1358 3727 1429 3789 eius
1462 3727 1676 3791 abstinerent.
1720 3725 1812 3789 Haec
1846 3727 1943 3814 signa
1970 3739 2088 3810 postea
2121 3727 2157 3790 in

145 3799 305 3864 missione
334 3811 567 3945 peccatorum,
599 3800 688 3864 sicut
722 3798 842 3864 Petrus
877 3796 1124 3864 Alexandrinus
1175 3808 1385 3875 absolutione
1402 3824 1512 3876 amota
1534 3821 1621 3876 sunt.
1666 3809 1724 3875 Sic
1746 3823 1780 3877 et
1802 3810 1969 3878 Adrastus
1991 3812 2080 3897 apud
2091 3811 2156 3877 lle·

71 3896 73 3901 ’
145 3885 243 3951 ritum
265 3885 331 3967 pub
347 3904 433 3947 rcum
456 3886 567 3949 citarit
589 3897 704 3950 contra
726 3883 943 3950 Noratianos.
1175 3897 1326 3967 rodatum
1349 3898 1456 3981 'gessit
1477 3898 1575 3982 sigua
1596 3905 1720 3960 reatus.

1260 4045 1396 4113 Talibus
1420 4047 1744 4132 cremplisvetustas
1767 4047 2053 4115 commonefacere
2066 4048 2156 4117 alios

1174 4133 1325 4200 homiues
1347 4132 1463 4212 voluit,
1488 4147 1522 4199 ut
1544 4136 1652 4222 magis
1674 4134 1894 4201 abhorrerent
1915 4158 1937 4201 a
1958 4136 2155 4201 sceleribus.

530 4136 533 4141 -
556 4175 718 4261 Contra.

1261 4287 1365 4352 llnius
1388 4290 1509 4354 vetusti
1532 4290 1633 4352 moris
1652 4291 1826 4375 vestigium
1848 4287 1909 4354 fuit
1926 4288 2155 4374 spectaculum

1175 4372 1456 4452 satisfactionum,
1492 4386 1527 4438 ut
1561 4377 1800 4440 nominabatur.
1851 4374 1973 4447 Graeci
2008 4377 2155 4440 nomina·

1174 4468 1294 4539 vertunt
1322 4466 1474 4540 inritum,
1504 4460 1623 4540 idest,
1654 4462 1902 4546 castigationes.
1946 4461 2013 4526 Sed
2036 4474 2156 4545 postea

1173 4548 1407 4630 superstitione
1426 4559 1603 4610 creverunt
1626 4549 1719 4626 ritus,
1741 4562 1775 4610 ct
1796 4561 2012 4611 accesserunt
2031 4543 2155 4610 stultae
2256 4559 2264 4571 ’

1175 4644 1208 4696 et
1226 4634 1344 4715 impiae
1357 4633 1540 4715 opiniones.
1575 4632 1627 4694 Ac
1644 4631 1808 4709 blonaclri,
1831 4633 1907 4717 qnia
1930 4629 2040 4695 liures
2060 4633 2155 4716 igno·

1174 4718 1308 4794 rabant,
1337 4728 1552 4800 portentosas
1583 4715 1763 4800 opiniones
1786 4721 1829 4781 de
1860 4715 2154 4782 Satis-factionibus

1173 4801 1352 4866 finxerunt.
1397 4802 1489 4867 llaec
1519 4804 1680 4868 historica
1709 4803 1806 4870 valde
1833 4806 1972 4886 prodest
1999 4804 2154 4867 omnibus

1175 4887 1349 4952 notissima
1377 4909 1473 4966 esse,
1500 4887 1633 4954 facilius
1656 4892 1741 4954 enim
1769 4903 1897 4973 postea.
1910 4892 2153 4972 disputationes

231 4970 445 5061 Respondeo.
490 4977 586 5061 Nego
608 4979 777 5042 minorem.
822 4978 943 5042 Pastor
964 4979 1048 5042 enim
1072 4987 1125 5042 cst
1147 4983 1152 5039 Ι
1175 4974 1217 5036 de
1237 4969 1525 5039 satisfactionibus
1549 4976 1718 5039 diiudicari
1735 4987 1886 5059 possunt.
1932 4976 2073 5041 Primum
2095 4996 2154 5043 au·
2186 5047 2189 5052 ,

53 5085 57 5091 ’
147 5066 296 5134 minister
304 5062 488 5151 Evangelii,
506 5061 635 5127 liabens
652 5066 851 5143 mandatum,
864 5060 1125 5149 utllrangelium
1147 5043 1152 5118 l
1174 5069 1241 5123 tem
1269 5055 1425 5127 refutatio
1448 5066 1530 5127 baec
1552 5063 1696 5126 tenenda
1713 5074 1774 5126 est.

154 4388 159 4429 2
205 4335 336 4419 Iudex
350 4364 432 4416 non
454 4344 591 4445 potest
603 4333 824 4437 absolvere,
846 4331 921 4414 nisi
942 4362 1063 4417 causa

84 4531 90 4543 .
266 4455 438 4562 cognita.

205 4575 350 4658 Pastor
379 4590 442 4657 est
467 4574 609 4672 Iudex.

205 4691 313 4804 Ergo
335 4722 499 4775 necesse
523 4708 585 4776 est
605 4694 691 4775 fieri
706 4692 988 4803 cognitionem,
1010 4694 1064 4776 ad

266 4842 389 4923 quam
428 4815 651 4895 necessaria
694 4818 757 4896 est
794 4813 1062 4896 Enumeratio,
