4628 5588
143 180 211 249 aaa
258 280 263 287 Ι
750 178 866 249 rara
886 178 1516 255 annumeranoauamrur
1604 190 1607 194 ·
2097 186 2169 255 aar

145 373 192 439 dit
219 372 477 451 invocationem,
509 382 543 437 et
574 367 660 436 aliea
688 371 762 456 pioe
791 382 914 437 metue.
957 370 1020 437 Est
1040 373 1129 439 enim
1180 382 1301 440 annuo
1333 370 1551 439 emanante
1583 373 1701 452 corde,
1732 392 1796 439 aaa
1827 384 1939 442 nmen
1965 374 2096 444 habeut
2123 398 2166 445 ae

143 455 300 527 Ecclesia
320 480 458 546 regnum
478 456 615 536 Christi,
638 478 705 524 non
728 469 851 523 tautum
873 457 951 545 qnia
973 456 1128 525 Christus
1179 458 1279 526 blena
1301 468 1335 526 et
1356 456 1525 526 Voluntas
1551 471 1588 526 ιιι
1615 471 1739 527 autu.
1783 460 1864 529 ldae
1890 464 2046 530 dixerunt
2071 479 2166 533 rete-

145 559 199 613 est
221 547 367 625 rictirna,
400 546 462 611 sed
492 548 589 611 etiam
619 547 697 631 qnia
719 547 807 613 onrrri
831 557 980 630 tempore
1001 543 1128 632 colligit
1179 544 1639 698 rea,.l’raeoedeute¹grans,
1668 548 1848 615 comitante
1868 549 2051 628 vuluntate,
2075 552 2166 619 born

143 629 344 711 Ecclesiam,
364 645 398 698 ct
420 634 606 705 immediate
628 643 681 697 est
704 629 825 701 eillcax
849 652 924 697 eum
947 635 1052 701 verbo
1069 654 1128 700 vo·
1180 653 1284 720 opera
1313 631 1394 700 heri.
1437 632 1481 698 Et
1538 631 1656 699 asilius
1682 635 1807 721 inquit:
1835 636 1930 719 piam
1953 643 2087 719 udam
2112 644 2167 703 ael

144 717 222 798 eali,
249 723 336 786 sicut
357 720 476 805 inquiat
509 718 583 806 Ego
613 739 688 785 sum
721 721 811 798 vitis,
843 739 908 785 voe
941 721 1023 785 estis
1055 716 1129 805 pal·
1179 719 1255 796 θεὸς
1285 721 1473 814 apodemii.
1527 718 1671 787 Tantum
1702 718 1801 802 velis,
1833 734 1868 789 et
1897 722 1993 791 ben
2023 744 2167 811 praeoc-

98 835 106 845 ·
144 808 257 871 mites:
295 809 372 873 Sine
405 827 458 871 me
491 804 573 869 nihil
605 806 746 890 potestis
780 804 893 872 iacere
922 818 987 873 etc.
1032 805 1127 872 llaec
1182 821 1304 873 curren
1752 864 1756 869 .
1873 862 1876 867 .

144 891 328 959 declaratio
352 892 440 958 utilis
463 904 527 971 est,
550 906 584 958 ut
608 894 807 978 cogitemus,
830 914 898 980 quo
922 893 1038 960 ordine
1060 894 1128 959 sint

144 979 242 1047 abnui
263 1000 431 1065 personae
453 981 486 1046 in
509 982 695 1046 conversis.
805 1002 809 1009 ·
1266 976 1363 1045 Deus
1394 980 1573 1044 antevertit
1604 999 1691 1063 nos,
1724 989 1760 1045 et
1790 992 1912 1061 vocet,
1955 983 2046 1048 edita
2076 1004 2164 1051 voce

1180 1062 1369 1152 Evangelii,
1391 1063 1648 1131 docetettrabit
1667 1078 1809 1133 mentem
1832 1086 1893 1153 per
1914 1067 2051 1135 Filium:
2075 1069 2164 1137 Con·

229 1151 436 1239 Agnoscitnr
460 1151 559 1218 Pater
586 1172 648 1237 per
668 1149 797 1231 Filium,
829 1153 886 1240 qui
920 1164 953 1219 et
973 1151 1129 1239 Evange·
1180 1152 1290 1219 firmat
1307 1173 1367 1219 cor
1389 1152 1515 1239 Spiritu
1536 1165 1670 1234 ειηοιο,
1702 1155 1763 1220 md
1797 1175 1861 1220 nos
1894 1154 2088 1236 viderimus,
2119 1177 2166 1224 ne

142 1238 222 1305 lium
244 1239 381 1323 protulit
401 1260 443 1304 ex
467 1241 541 1304 siun
562 1240 690 1303 aeterni
702 1240 825 1318 Patris,
848 1250 882 1305 et
904 1239 937 1304 in
960 1241 1127 1306 mentibus
1153 1272 1157 1279 ·
1179 1260 1417 1327 repugnemus.
1473 1237 1615 1306 Οοιιειιι
1639 1242 1725 1307 enim
1754 1242 1833 1307 oriri
1859 1255 2034 1327 pecatum
2060 1262 2164 1309 ano

143 1328 294 1391 aceertriit
318 1327 479 1404 notitiam,
501 1326 587 1391 sicut
609 1326 734 1411 inquit:
755 1326 863 1391 Nemo
884 1327 976 1391 norit
997 1325 1128 1392 Patrem
1179 1328 1244 1406 hie,
1274 1347 1340 1392 non
1369 1348 1391 1392 a
1419 1323 1595 1392 voluntate
1619 1324 1697 1393 Dei.
1747 1325 2010 1415 chrysostomus
2042 1330 2164 1416 inquitt

143 1413 207 1477 nisi
230 1411 346 1491 lilius,
375 1423 408 1476 et
436 1412 489 1477 cui
513 1410 604 1478 volet
626 1412 731 1479 lilius
760 1411 933 1480 revelaret
963 1425 997 1480 et
1027 1411 1129 1481 simul
1182 1412 1294 1489 ὅθιδς
1324 1421 1380 1495 μιν
1407 1412 1497 1495 ilua,
1529 1411 1581 1478 niv
1601 1415 1779 1499 perlinam
1800 1414 1833 1480 de
1854 1415 1942 1480 ilaec.
2001 1414 2044 1481 Et
2064 1416 2098 1480 2.
2119 1418 2165 1483 ad

143 1499 228 1564 dans
247 1499 404 1585 Spiritum
428 1511 594 1578 sanctum,
613 1495 809 1564 consolatur
830 1500 946 1565 eorde.
1180 1498 1259 1566 Cor.
1281 1499 1315 1565 6.
1338 1502 1469 1567 dicitur.
1501 1499 1554 1565 Ne
1576 1496 1702 1568 frustra
1724 1503 1864 1590 gratiam
1885 1501 1951 1569 Dei
1973 1502 2165 1590 accipiatiaz

1180 1586 1273 1666 item,
1304 1587 1446 1653 Habenti
1470 1589 1613 1653 debitur.
1659 1587 1749 1669 item,
1777 1588 1911 1663 Quanto
1934 1590 2042 1677 magis
2065 1588 2166 1655 Pater

229 1671 298 1737 iarn
320 1672 486 1738 addantur
513 1669 610 1755 plura
635 1672 836 1753 testimonia,
871 1693 959 1757 quae
982 1669 1128 1738 refutant
1179 1691 1293 1740 vester
1326 1673 1484 1739 coelestis
1517 1675 1611 1739 dabit
1643 1675 1801 1760 Spiritum
1841 1690 1993 1741 sanctum
2027 1677 2165 1762 petenti·

142 1756 352 1844 Pelagianos.
395 1758 490 1832 Quae
513 1759 644 1844 quidem
667 1780 735 1823 non
756 1761 803 1824 ita
824 1760 1016 1843 accipienda
1038 1772 1128 1839 sunt,
1179 1761 1255 1826 bue.
1309 1760 1387 1826 Non
1419 1761 1521 1848 igitur
1555 1762 1742 1846 rogitemus
1774 1762 1948 1849 prophana
1981 1764 2162 1828 securitate

141 1862 179 1912 ιιι
211 1846 407 1911 conurmem
441 1846 724 1930 prophanitatem,
762 1857 821 1912 aut
861 1847 1128 1930 desperationem
1179 1850 1407 1933 exportandos
1429 1867 1509 1913 esee
1530 1845 1696 1912 violentos
1717 1862 1844 1934 raptus,
1876 1849 1963 1913 sicut
1983 1847 2166 1936 loquuntur

21 2004 24 2010 ,
141 1930 314 2011 adierant,
357 1931 419 1997 red
460 1943 495 1997 nt
527 1934 672 1997 salernus
706 1933 866 1999 immensa
898 1934 1128 1999 misericordia
1178 1933 1435 2012 Enthusiaetae,
1474 1933 1538 1998 sed
1578 1936 1775 2001 obediamus
1812 1933 1890 2001 Deo
1922 1934 2066 2002 trahenti
2099 1956 2166 2002 nos

81 2074 86 2081 .
142 2016 424 2085 offerriauxilium
444 2016 882 2105 omnibnaconiugientibus
899 2018 1071 2085 adl-'ilium
1094 2022 1127 2085 in
1179 2042 1265 2087 voce
1286 2018 1472 2107 Evangelii,
1494 2032 1527 2086 et
1549 2021 1583 2085 in
1607 2041 1688 2086 vero
1711 2019 1829 2088 dolore
1849 2023 2032 2102 discamus,
2053 2020 2164 2109 qualia

142 2108 232 2174 reris·
256 2103 446 2171 doloribus:
469 2106 660 2190 sicutipse
676 2104 840 2171 Dorrrinus
863 2108 984 2193 inquit:
1007 2106 1127 2172 lenite
1179 2110 1223 2173 sit
1243 2106 1329 2173 haec
1351 2106 1440 2172 lucta
1463 2105 1657 2188 voluntatis,
1690 2108 1786 2182 Quae
1820 2111 1849 2172 si
1883 2106 2025 2175 haberet
2055 2129 2096 2174 se
2129 2119 2167 2175 ιιι

142 2194 260 2259 adme
282 2212 398 2258 ornnes
420 2192 477 2277 qui
498 2189 660 2257 laboratis
681 2202 716 2257 et
738 2195 868 2257 onerati
890 2194 985 2272 estis,
1007 2204 1041 2259 et
1062 2214 1128 2281 ego
1179 2206 1302 2274 statua,
1323 2191 1451 2259 nullum
1473 2205 1567 2259 esset
1588 2207 1766 2261 certamen.
1799 2194 1894 2261 Haec
1907 2196 1964 2282 pie
1984 2196 2166 2283 cogitanda

135 2280 290 2345 'reiiciem
325 2298 399 2344 voa.
457 2277 549 2357 item,
583 2276 688 2343 Petite
722 2290 756 2343 et
793 2280 977 2364 accipietis.
1033 2278 1126 2360 Item,
1178 2294 1268 2361 sunt,
1301 2293 1335 2346 et
1365 2281 1519 2346 addenda
1553 2295 1606 2347 eat
1625 2281 1809 2362 invocatio,
1842 2283 1929 2349 sicut
1949 2282 2075 2349 ιιίοιιιιιι
2096 2294 2165 2349 cett

143 2364 277 2439 Quanto
295 2366 404 2452 aragia
424 2364 523 2429 Pater
544 2377 659 2429 reater
681 2361 839 2431 coelestis
861 2366 952 2431 dabit
969 2364 1128 2451 Spiritum
1178 2368 1284 2434 Petite
1307 2381 1342 2433 et
1362 2367 1544 2453 accipietis.

142 2467 298 2527 sanctum
318 2450 535 2536 petentibus?
567 2470 634 2517 non
663 2453 709 2516 ait
731 2453 1038 2536 contemnentibus,
1071 2463 1129 2518 aut
1527 2506 1530 2511 .

141 2539 280 2621 fingenti
304 2560 345 2605 us
375 2559 414 2604 se
442 2549 678 2623 expectaturus
706 2558 784 2603 ease
813 2537 978 2605 violentos
1000 2550 1130 2625 raptus,
1266 2538 1329 2606 Hie
1351 2541 1574 2608 conaidoentia
1595 2537 1792 2606 dulcescent
1812 2537 2038 2619 multa‘dicte,
2065 2536 2167 2627 quale

17 2650 31 2673 ·
141 2611 440 2713 utEnthuaiastae
462 2626 601 2712 fingunt.
630 2625 699 2692 Sed
722 2622 792 2690 vult
815 2624 910 2693 Deus
932 2645 996 2691 nos
1013 2625 1128 2691 andire
1178 2626 1246 2692 hoc
1267 2638 1331 2708 est,
1365 2627 1460 2693 Dens
1488 2630 1543 2713 qui
1566 2623 1671 2692 elficit
1691 2638 1731 2694 nt
1752 2624 1875 2708 velitis,
1909 2626 2042 2692 efficiet.
2065 2628 2166 2701 etlam

142 2728 262 2781 rodem
283 2712 470 2801 Evangelii,
505 2732 570 2778 non
604 2709 677 2779 vult
710 2733 775 2777 nos
802 2712 978 2799 indulgere
1001 2714 1129 2779 dubita·
1178 2727 1216 2803 ιιι
1235 2715 1430 2801 perficiatis,
1459 2725 1496 2779 ut
1523 2714 1587 2800 ipsi
1610 2724 1709 2800 grata
1739 2712 1832 2779 liant.
1873 2708 2070 2805 Consolatio
2098 2725 2165 2793 eat,

136 2801 302 2879 bombus,
324 2813 357 2865 et
378 2797 592 2883 diffidentiae,
621 2796 693 2865 vult
714 2819 778 2864 nos
800 2797 933 2880 luctari,
954 2813 991 2865 nt
1012 2820 1128 2865 asson·
1180 2823 1246 2888 qun
1269 2821 1329 2869 eos
1353 2799 1540 2878 confirmat,
1563 2803 1618 2888 qui
1642 2821 1707 2865 noa
1730 2813 1808 2878 sunt
1831 2801 1964 2866 omniuo
1988 2797 2165 2886 prophani,

140 2891 262 2954 tiamur
283 2889 401 2966 verbo,
434 2899 467 2951 et
495 2902 611 2971 petere
639 2884 810 2965 auxilium,
842 2888 935 2953 Sicut
960 2885 1128 2972 Propheta
1178 2890 1241 2954 sed
1263 2887 1439 2953 trahuntur
1460 2900 1493 2952 et
1515 2885 1711 2973 coniugiunt
1739 2887 1781 2950 ad
1804 2885 1946 2960 DEUlil,
1973 2896 2166 2973 agnoscunt

80 3020 91 3042 .-
142 2971 280 3041 clenrat:
314 2972 481 3039 &inverte
510 2993 564 3039 me
586 2985 620 3038 et
643 2985 834 3038 convertar.
878 2972 921 3038 Et
943 2972 1000 3039 ille
1022 2975 1128 3059 inquit
1178 2987 1288 3041 autern
1317 2971 1431 3059 aliquo
1460 2974 1574 3053 modo,
1607 2985 1641 3039 et
1666 2994 1727 3058 pro
1753 2974 1833 3037 rium
1862 2971 2096 3052 infirmitatem,
2130 2983 2166 3038 et

134 3063 231 3146 apud
254 3059 421 3125 hiarcam:
455 3057 566 3125 Credo
590 3058 745 3138 Domine,
778 3061 838 3124 sed
869 3081 967 3146 opem
997 3058 1049 3124 ier
1069 3061 1128 3124 im·
1178 3063 1324 3147 ingentia
1346 3061 1591 3144 impedimenta,
1615 3080 1702 3147 qnae
1724 2994 1807 3124 dorla
1823 3060 1999 3139 accedunt,
2020 3058 2076 3124 hia
2087 3078 2166 3143 pro·

141 3144 315 3212 bacillitati
337 3167 442 3212 meae.
486 3147 538 3210 Ac
560 3167 770 3233 nequaquam
792 3145 968 3233 fingendae
994 3158 1074 3211 erant
1094 3147 1128 3210 in
1179 3149 1277 3215 mittit
1296 3147 1395 3213 Deus
1416 3168 1510 3214 auam
1532 3148 1756 3230 praesentiam
1778 3158 1813 3211 et
1833 3144 2002 3213 auxilium.

140 3230 224 3301 Deo.
250 3232 530 3317 contradictoriae
564 3238 764 3297 voluntates:
799 3232 884 3298 Nam
918 3233 994 3298 ideo
1023 3231 1128 3298 Filius
2142 3270 2145 3275 ·

140 3317 206 3384 Dei
230 3341 272 3384 ox
294 3320 369 3385 sinu
392 3320 519 3384 aeterni
542 3320 653 3384 Patris
676 3317 896 3406 Evangelium
943 3318 1069 3399 rotulit,
1091 3331 1129 3384 ut
1266 3319 1320 3386 Ac
1342 3317 1519 3407 diiigenter
1540 3318 1788 3387 consideranda
1815 3330 1869 3385 eat
1888 3318 2082 3408 magnitudo
2103 3317 2165 3385 ltu·

140 3407 288 3472 schnrna
317 3400 414 3471 hanc'
437 3407 543 3489 ipsam
575 3426 654 3471 oeae
686 3403 890 3472 voluntatem
956 3408 1007 3486 ei,
1040 3424 1128 3493 quae
1179 3426 1299 3472 manae
1319 3408 1483 3472 miseriae.

140 3511 202 3577 per
224 3490 345 3558 Filium
369 3494 538 3577 patefacta
560 3504 622 3556 eat.
2138 3563 2142 3571 ¹

625 3598 628 3603 ·
1265 3580 1412 3646 Primum
1434 3581 1467 3645 in
1489 3581 1588 3644 nobie
1609 3579 1693 3664 ipsis
1714 3598 1838 3666 magna
1859 3574 1970 3664 caligo
1992 3590 2055 3659 eet,
2075 3598 2165 3666 qnae

227 3663 289 3729 Est
308 3678 416 3732 antem
435 3678 574 3751 utraque
590 3665 796 3750 praedicatio
811 3663 1025 3744 universalis,
1047 3685 1126 3730 con·
1179 3676 1232 3731 est
1259 3687 1364 3733 cauea
1395 3664 1571 3732 multorum
1606 3685 1756 3753 errorum
1788 3667 1821 3730 in
1855 3663 2164 3747 deliberationibus,

143 3752 196 3814 cio
219 3755 443 3835 poenitentiae
472 3772 618 3838 arguens
652 3765 793 3837 peccata
828 3752 861 3816 in
896 3754 1060 3833 onrrribua,
1092 3764 1128 3817 et
1179 3754 1277 3819 etiam
1298 3765 1503 3831 sanctornm,
1520 3765 1555 3818 ct
1574 3751 1767 3818 habentium
1790 3774 1842 3817 ma
1869 3773 1912 3817 na
1933 3754 2032 3818 dona.
2076 3752 2172 3819 Sunt-

140 3839 320 3987 ppomissio
354 3841 505 3987 gratiae,l
529 3841 632 3989 {³⁰⁰1-
654 3839 758 3924 inquit.
791 3838 972 3989 llpprinpis:
1006 3838 1127 3904 Venite
1178 3840 1280 3991 “ulid
1294 3838 1467 3992 roiunppte
1490 3850 1533 3990 epi
1556 3841 1588 3903 in
1618 3774 1948 3992 cordeffap'ersionea
1968 3859 1990 3905 a
2012 3838 2101 3919 lieo,
2128 3850 2165 3907 et

141 3944 161 3988 a
208 3943 393 3989 meonmes
415 3947 471 4011 qm
506 3945 653 3990 aurata
675 3939 709 3990 et
726 3946 829 3990 onera
875 3946 915 3990 ea
940 3945 969 3988 s.
1178 3948 1210 3991 m
1301 3947 1398 3991 moen
1434 3949 1455 3992 a
1476 3948 1509 3992 vt
1536 3944 1672 3991 osorum
1693 3947 1713 3990 a
1738 3947 1883 3993 cenum.

225 4096 301 4161 Non
323 4097 425 4183 igitur
446 4117 645 4183 quaeramus
666 4094 795 4162 alienas
816 4099 1061 4183 disputationes
1083 4096 1126 4163 de
1264 4096 1422 4164 Secundo
1444 4095 1527 4163 ioris
1556 4098 1721 4163 accedunt
1749 4095 1947 4163 Diahoiicao
1964 4098 2105 4163 insidiae
2127 4109 2163 4162 et

140 4179 318 4264 electione,
339 4184 400 4249 aed
423 4204 551 4259 anone
570 4182 743 4269 Evangelii
766 4185 948 4263 ordiamur,
970 4194 1004 4248 et
1026 4204 1125 4269 expa-
1176 4181 1405 4270 impulsioues,
1428 4186 1513 4250 sient
1529 4182 1706 4250 Dominus·
1716 4186 1840 4271 htqultt
1868 4183 2084 4270 bepoposm,
2098 4204 2161 4250 vos

139 4290 315 4337 vescamur
348 4272 518 4357 agnitione
550 4271 620 4335 irae
644 4270 707 4336 Dei
738 4273 906 4337 adversus
938 4284 1125 4355 peccatum,
1177 4271 1293 4354 Seiam
1315 4283 1351 4338 ut
1374 4271 1519 4337 cribaret
1541 4291 1616 4338 vos.

140 4370 173 4421 et
196 4357 428 4444 reorringiamur
453 4359 497 4423 ad
519 4355 649 4436 Filium,
682 4370 715 4423 et
747 4370 900 4443 petamus
933 4357 1021 4421 sicut
1043 4356 1125 4421 Pro·

138 4443 241 4526 pheta
263 4446 385 4530 tnqntrz
408 4443 578 4511 Converte
599 4466 652 4508 me
675 4456 707 4509 et
730 4456 920 4510 convertar.
955 4442 1027 4509 lloc
1049 4465 1125 4510 cum
1262 4442 1374 4511 Tertio
1392 4446 1625 4531 impedimenta
1643 4442 1805 4509 bonerum
1823 4444 1991 4508 aminarum
2012 4442 2163 4509 innume·

138 4531 191 4606 lit,
210 4545 414 4596 eonem-runt
435 4531 500 4598 hae
523 4552 658 4611 causae,
689 4552 754 4596 vox
775 4529 962 4617 Evangelii,
995 4544 1030 4595 et
1050 4532 1125 4615 ipse
1174 4528 1295 4597 rabilia
1328 4531 1511 4597 offeruntur
1533 4551 1555 4596 a
1576 4528 1672 4595 naalia
1705 4528 1905 4605 hominihus,
1938 4543 1975 4594 ut
1994 4527 2170 4597 Davidem·
2257 4544 2263 4555 ·

139 4612 243 4681 Filias
264 4615 326 4682 Dei
362 4619 451 4683 intus
485 4640 547 4683 nos
581 4619 719 4698 docens,
753 4631 786 4682 et
819 4616 918 4684 simul
951 4614 1124 4682 aliundene
1175 4615 1368 4685 militantem
1386 4619 1521 4768 impedit
1543 4615 1637 4682 Saul.
1680 4616 1824 4703 'lyranni
1846 4617 2029 4702 impediunt
2050 4634 2162 4683 eureu-¹
2263 4654 2275 4663 -

139 4703 293 4787 Spiritum
315 4720 488 4782 sanctum,
517 4709 573 4790 qui
596 4727 657 4771 cor
678 4703 866 4784 coniirmat,
895 4717 934 4770 ιιι
966 4705 1124 4769 ameneio
1175 4706 1341 4771 dationem
1365 4704 1550 4784 Eccesiae,
1571 4701 1780 4792 languebunt
1800 4704 1901 4770 animi
1922 4704 2010 4771 odiis
2041 4705 2161 4770 adrer-

139 4801 173 4855 et
205 4790 392 4856 obedientia
426 4790 635 4857 inchoantur.
686 4792 865 4857 Concurrit
897 4803 930 4856 et
963 4786 1124 4857 voluntas
1174 4793 1329 4872 sentium,
1352 4789 1525 4859 calumniis
1546 4803 1582 4857 et
1602 4790 1754 4857 saevitia.

8 4897 12 4906 ·
138 4887 257 4941 noetra
290 4872 435 4956 inruens,
467 4891 505 4943 ut
526 4881 730 4945 asseratiatur
752 4881 857 4944 verbo
879 4876 956 4955 Dei,
989 4890 1022 4943 et
1055 4898 1122 4943 non

138 4975 311 5049 repugnet.
358 4963 480 5029 Posset
501 4967 587 5031 enim
620 4981 792 5045 excutere,
826 4976 863 5031 nt
895 4966 1020 5030 excutit
1041 4960 1123 5030 Saul
1262 4961 1402 5044 Quarto,
1432 4964 1519 5032 Sunt
1542 4975 1576 5030 ct
1597 4963 1749 5029 locorum
1772 4974 1806 5028 et
1826 4973 2013 5048 tempotum
2033 4963 2161 5028 incom-

138 5068 201 5115 sua
222 5062 355 5133 sponte.
401 5050 437 5116 ln
460 5050 525 5118 hoc
548 5056 728 5119 certamine
749 5053 949 5119 adiuvantur
968 5050 1068 5116 utem
1090 5061 1124 5116 et
1175 5051 1286 5117 moda.
1329 5050 1437 5117 loaisa
1460 5054 1571 5118 honus
1594 5050 1666 5117 ilex
1688 5049 1803 5115 incidit
1827 5050 1861 5115 in
1891 5062 2025 5136 tempus
2053 5044 2161 5114 inicii·

137 5133 307 5203 Voluntas
338 5156 361 5203 a
392 5135 477 5204 lilio
509 5137 577 5205 liei
607 5141 698 5207 ιηιυ
729 5140 894 5220 memte,
931 5148 967 5206 et
997 5138 1126 5225 Spiritu
1176 5138 1261 5204 clar.
1308 5136 1427 5206 linitis
1458 5149 1586 5206 nocent
1615 5134 1708 5206 mele
1735 5131 1890 5223 eampis
1920 5148 1956 5201 et
1982 5133 2167 5215 mudule,
2204 5232 2208 5237 Ι
