4628 5588
213 94 223 106 fl

184 319 286 387 linem
307 321 380 387 eius
404 320 623 394 dissensionis
644 318 735 385 iecit.
778 317 1003 386 intereavero
1019 317 1167 405 Aposto-

183 404 208 473 li
225 428 247 473 a
267 406 472 494 principibus
490 408 685 485 iudaeorum
706 403 996 475 interficiebantur.
1034 408 1082 472 lta
1103 426 1167 472 nos

185 504 399 578 expectemus
420 490 487 559 Dei
507 492 678 571 iudicium,
708 501 742 557 et
764 492 892 558 interea
904 492 1087 559 saevitiam
1107 493 1167 559 iro·

184 582 283 646 stium
305 581 479 646 doctrinae
496 579 725 645 sustinendam
747 598 825 645 esse
846 579 1005 646 sciamus.

270 732 356 800 Cum
372 733 474 819 igitur
495 731 591 800 Deus
610 754 743 818 semper
764 731 909 819 aliquem
932 744 1065 799 coetum
1088 754 1166 800 con·

187 821 339 888 litantem
361 831 489 898 servet,
511 834 544 884 et
564 821 652 886 inter
673 831 784 886 tantas
807 819 1036 886 dissensiones
1063 821 1166 885 omni-

185 908 250 974 bus
273 907 478 993 temporibus
500 906 567 972 sint
587 903 632 973 ali
657 907 691 973 ui
713 917 805 972 recte
826 908 1019 986 sentientes,
1041 906 1167 1058 efflu-

185 995 310 1071 dirant,
331 993 475 1059 tenenda
496 1004 548 1059 est
564 927 700 1079 regila,
729 994 927 1059 audiendam
949 1013 1028 1058 esse
1133 1014 1166 1058 e·

184 1080 280 1159 siam,
301 1099 388 1166 quoe
408 1075 626 1166 Evangelium
647 1092 760 1158 sonat,
780 1081 824 1145 ab
842 1100 884 1144 ea
900 1080 1016 1145 doceri
1037 1098 1102 1144 nos
1123 1081 1167 1145 si·

183 1185 316 1243 narnus,
338 1165 425 1231 sicut
447 1166 528 1230 dixit
548 1170 707 1233 samsona
724 1166 798 1231 Nisi
820 1185 894 1232 mea
914 1162 1019 1233 vitula
1034 1185 1166 1233 arasse·

182 1253 238 1331 tis,
259 1272 326 1319 non
349 1254 575 1330 invenissetis,
596 1253 628 1318 id
652 1267 716 1331 est,
738 1274 806 1318 non
824 1253 1030 1318 audivissent
1047 1272 1166 1319 vocem

182 1336 358 1425 Evangelii
381 1337 520 1418 Gentes,
541 1340 607 1407 nisi
628 1337 817 1406 Ecclesiam
838 1338 952 1424 populi
980 1336 1086 1405 isreel
1108 1340 1166 1405 do·
1191 1414 1192 1423 ἵ

184 1439 314 1492 centem
335 1426 550 1492 audivissent.

271 1579 328 1646 Sic
361 1580 449 1645 omni
482 1591 631 1667 tempore
652 1582 799 1647 sciamus
823 1574 1012 1647 Ecclesiam
1033 1580 1167 1646 audien·

185 1668 260 1733 dam
283 1667 415 1753 quidem
438 1686 536 1747 esse,
554 1668 624 1744 ,sed
655 1668 855 1733 credendum
882 1668 987 1732 verbo
1015 1664 1097 1747 Dei,
1130 1678 1166 1734 ut

183 1753 362 1819 audiebant
383 1755 428 1838 pii
451 1752 625 1840 Synodum
646 1752 819 1835 Nicentm,
840 1755 901 1819 sed
922 1752 1007 1819 fides
1029 1775 1097 1819 non
1119 1754 1168 1818 ni·

184 1841 315 1903 tebatur
338 1840 480 1904 humana
503 1842 692 1918 autoritate,
715 1861 783 1905 non
805 1837 1092 1924 amplectebantur
1113 1861 1165 1906 ar·

184 1923 320 1990 ticulum
344 1928 385 1990 de
408 1946 446 1990 re
467 1936 561 1991 tanta
582 1939 719 2012 propter
739 1929 829 1992 hunc
847 1939 989 2005 coetum,
1009 1928 1069 1992 sed
1091 1948 1167 2011 pro·

182 2022 257 2096 pter
276 2023 370 2077 certa
390 2023 424 2077 et
445 2010 588 2077 illustria
610 2015 798 2079 testimonia
826 2015 945 2079 traditu
973 2015 1007 2078 in
1028 2013 1164 2099 scriptis

183 2096 393 2182 Propheticis
416 2110 451 2163 et
470 2098 690 2184 Apostolicis.

269 2250 343 2318 iioc
376 2253 555 2319 discrimen
583 2254 761 2319 tenendum
794 2265 864 2333 est,
897 2265 930 2318 et
951 2273 1033 2319 suus
1055 2253 1165 2317 honos

182 2336 358 2404 Ecclesiae
386 2341 595 2419 tribuendus,
627 2360 692 2405 nec
726 2341 970 2405 contemnenda
991 2351 1044 2405 est
1065 2359 1165 2406 verae

183 2422 361 2491 Ecclesiae
383 2423 567 2506 confessio,
589 2447 653 2491 nec
675 2448 792 2492 omnes
815 2425 943 2512 Synodi
964 2427 1166 2492 sinediscri-

181 2512 270 2578 minc
293 2514 556 2578 contemnendae
577 2525 668 2592 sunt,
689 2513 751 2577 sed
772 2525 925 2579 servetur
943 2510 1036 2578 Pauli
1068 2533 1165 2599 regu·

182 2596 233 2664 la:
257 2595 439 2684 Explorate
450 2601 599 2686 spiritus,
622 2621 666 2664 an
687 2621 729 2664 ex
745 2596 822 2665 Deo
845 2600 922 2664 siut.
967 2597 1165 2665 Considere-

154 2695 247 2765 ·tur,
269 2707 357 2772 quae
380 2685 468 2753 dictu
489 2684 691 2772 Prophetica
712 2697 744 2750 ct
765 2685 982 2770 Apostoliea,
1014 2699 1047 2752 et
1079 2706 1165 2773 quae

180 2773 369 2836 testimonia
401 2773 546 2858 purioris
574 2769 761 2852 Ecclesiae,
794 2775 949 2878 synodus
972 2785 1089 2839 secuta
1110 2773 1164 2838 sit.

180 2855 217 2923 st
250 2858 389 2923 dissidet
419 2880 441 2923 a
470 2860 605 2945 scriptis
639 2857 849 2945 Proplreticrs
884 2871 917 2925 et
955 2856 1164 2946 Apostolicis

182 2943 309 3031 Synodi
332 2947 508 3024 sententia,
532 2966 673 3011 necesse
696 2957 749 3011 est
770 2965 843 3011 eant
865 2947 969 3026 reiici,
992 2942 1164 3012 utPaulus

180 3032 358 3114 praecipit:
392 3031 429 3096 st
464 3030 617 3120 Angelus
640 3033 683 3096 rie
707 3029 805 3097 coelo
833 3029 922 3097 aliud
944 3030 1165 3119 Evangelium

167 3118 326 3196 decebit,
345 3118 525 3183 anathema
546 3120 600 3184 sit.
648 3118 690 3183 Ut
712 3117 841 3204 Synodi
856 3131 995 3184 coactae
1012 3118 1164 3197 Arimini,

181 3214 215 3268 et
235 3205 271 3268 iu
292 3204 415 3288 oppido
440 3203 630 3270 Pannoniae
652 3206 780 3292 syrmio
803 3203 989 3272 Constantii
1016 3215 1165 3290 tempore

152 3292 403 3376 'corruperunt
425 3311 543 3375 puram
565 3292 750 3358 doctrinam
779 3292 821 3356 de
849 3289 932 3356 Filio
961 3292 1037 3359 Dei.
1099 3293 1165 3360 Sed

182 3383 257 3443 cum
279 3377 495 3481 agnoscimus
518 3379 687 3444 decretum
710 3376 851 3443 alicuius
869 3380 1005 3466 Synodi,
1025 3399 1099 3445 cum
1117 3391 1164 3444 te·

179 3463 343 3529 stimonris
366 3461 585 3551 propheticae
608 3477 642 3530 et
663 3463 881 3550 Apostolicae
898 3468 1070 3532 doctrinae
1092 3467 1165 3532 sine

180 3548 365 3633 sophistica
383 3548 564 3618 intellectis
588 3572 789 3640 congruere,
807 3563 841 3617 et
862 3573 940 3619 esse
962 3565 1110 3619 veterem
1132 3564 1166 3619 et

178 3636 404 3722 incorruptam
426 3636 603 3706 Ecclesiae
625 3641 821 3719 doctrinam,
843 3640 973 3706 veritati
996 3641 1164 3726 obtempe-

134 3727 136 3731 ’
180 3723 319 3788 randum
341 3735 406 3803 est,
430 3737 462 3790 et
473 3726 545 3809 pias
557 3739 689 3792 mentes
711 3723 882 3793 confessio
904 3738 996 3793 recte
1019 3728 1164 3793 sentien-

180 3809 259 3873 tium
278 3808 463 3875 confirmat.

265 3962 352 4028 Sunt
374 3975 407 4030 et
428 3962 494 4029 iroc
512 3968 666 4033 monendi
687 3966 851 4047 lectores,
887 3968 977 4056 quod
1003 3988 1094 4033 nunc
1115 3968 1163 4033 dt·

795 127 909 207 i’lllin
929 126 1033 195 titan
1055 126 1246 197 SGRlPTA
1267 127 1549 199 marsnam

1217 318 1393 387 amman
1414 318 1550 386 demeto
1586 318 1716 406 Synodi
1745 338 1889 387 necesse
1917 332 1980 387 eet
2024 319 2120 389 Etsi
2143 323 2201 389 de-

1218 403 1376 474 fensores
1400 405 1426 471 S
1475 406 1532 472 odi
1552 402 1669 473 volent
1690 406 1761 473 eius
1783 407 1993 477 autoritatem
2023 409 2125 487 tueri,

1217 488 1326 558 ierant
1348 427 1516 572 iniurlyrlm,
1544 503 1638 559 etse
1660 490 1858 559 Deo‘iudici
1876 493 2205 575 commendentu-

1216 590 1253 644 nt
1286 577 1441 663 Apostoli
1475 579 1687 645 condemnati
1719 600 1741 644 a
1767 577 1952 668 Synagoga
1984 579 2135 646 iniuriam
2157 576 2205 647 l'e·

1217 667 1346 731 rebant.

1303 817 1397 886 ilaec
1420 841 1501 886 vera
1523 830 1612 886 sunt.
1670 817 1740 884 Sed
1770 839 1859 885 nunc
1880 820 1997 885 hostes
2020 840 2123 889 verae
2144 822 2205 888 do·

1218 907 1357 985 ctrinae,
1379 915 1412 971 et
1433 925 1592 972 summam
1614 907 1795 990 potentiam
1813 919 1966 972 tenentes
1982 919 2145 994 pugnant,
2167 921 2205 977 ut

1218 993 1292 1056 sine
1315 993 1578 1058 contradictione
1600 991 1802 1075 recipiantur
1820 994 1957 1058 decreta
1978 1012 2114 1059 suarum
2137 992 2204 1082 sy-

1217 1080 1382 1145 nodorum
1416 1075 1674 1164 qualiacunque,
1705 1090 1743 1142 ut
1775 1076 1971 1145 c'oniirmeut
2003 1081 2205 1165 opinionem,

1219 1163 1379 1251 Synodos
1410 1164 1536 1231 habere
1568 1165 1695 1251 regiam
1728 1165 1950 1247 autoritatem,
1981 1184 2024 1231 ac
2045 1178 2205 1252 oportere

1216 1251 1523 1337 interpretationem
1535 1249 1746 1338 synodorum
1769 1251 1975 1318 deductrina
1996 1250 2113 1337 recipi,
2134 1254 2203 1321 sic·

1217 1339 1307 1403 utin
1339 1336 1451 1426 legum
1485 1336 1629 1404 civilium
1661 1337 1790 1403 iudiciis
1819 1357 1961 1403 necesse
1994 1349 2047 1404 est
2080 1359 2200 1426 regum

1215 1424 1522 1511 interpretationem
1544 1424 1658 1508 recipi.
1724 1422 1818 1489 llaec
1840 1425 1937 1489 etiam
1960 1427 2128 1505 recensui,
2162 1436 2201 1493 ut

1216 1507 1377 1660 {lassior
1398 1512 1441 1576 sit
1459 1509 1642 1577 differentia
1664 1510 1889 1598 Synodarum,
1921 1522 1955 1576 et
1983 1509 2130 1579 civilium
2153 1512 2202 1579 iu·

1240 1618 1390 1663 rcrorum.

1304 1751 1476 1826 Quaerunt
1499 1761 1533 1816 et
1552 1752 1619 1817 iroc
1641 1749 1761 1837 aliqui:
1795 1748 1880 1816 Cam
1903 1751 1970 1816 duo
1992 1752 2059 1816 sint
2081 1763 2201 1819 costus

1215 1838 1250 1902 in
1272 1837 1439 1917 Ecclesia,
1461 1838 1633 1902 intersese
1652 1838 1900 1915 dissentientes
1922 1838 2011 1902 tarde
2029 1837 2203 1905 sciendum

1216 1936 1280 2003 est,
1312 1937 1386 1992 uter
1419 1936 1510 1990 recte
1544 1927 1682 2008 sentiat,
1716 1946 1791 1989 cunr
1812 1935 1952 2008 uterque
1977 1943 2039 2007 pro
2062 1945 2101 1989 se
2124 1925 2203 1989 citet

1216 2012 1428 2095 scripturam,
1451 2022 1486 2075 et
1507 2030 1609 2096 saepe
1627 2030 1706 2095 pars
1719 2031 1805 2095 quae
1826 2020 1927 2090 errat,
1951 2012 2203 2076 successionem

1216 2098 1417 2162 ordinariam
1439 2107 1564 2177 teneat,
1584 2094 1763 2161 antecellat
1784 2098 1974 2177 autoritate,
2003 2107 2037 2161 et
2058 2093 2201 2163 multitu·

1218 2185 1307 2255 dine,
1327 2181 1452 2247 lrabeat
1473 2202 1536 2266 pro
1559 2203 1621 2247 sua
1643 2184 1800 2267 opinione
1827 2182 1964 2247 Petrum
1994 2181 2146 2269 exempla
2169 2196 2203 2249 et

1218 2271 1353 2354 scripta,
1372 2266 1494 2333 habeat
1517 2280 1550 2333 et
1571 2266 1693 2356 longae
1704 2268 1954 2335 consuetudinis
1967 2270 2202 2349 testimonium,

1219 2375 1306 2440 quae
1328 2352 1465 2422 multum
1487 2355 1576 2439 apud
1598 2353 1749 2421 hominos
1766 2353 1867 2420 valet.
1913 2353 2008 2421 Unde
2022 2357 2124 2444 igitur
2145 2367 2205 2423 aut

1218 2443 1282 2528 ipsi
1306 2443 1431 2507 iudices
1455 2453 1588 2509 sument
1611 2454 1736 2507 certam
1759 2442 1969 2521 sententiam,
1991 2441 2203 2528 autpoprrlus

1216 2531 1313 2605 sciet,
1334 2529 1400 2595 utri
1421 2538 1514 2594 reete
1536 2530 1702 2597 sentient?
1721 2540 1755 2594 et
1777 2551 1837 2595 cur
1858 2546 2000 2594 necesse
2021 2530 2066 2620 sit
2081 2528 2202 2598 adsen-

1217 2617 1270 2682 tiri
1291 2615 1438 2683 Nicenac
1459 2614 1611 2702 Synado,
1634 2628 1667 2682 et
1690 2636 1760 2682 non
1781 2614 2009 2683 Ariminensi?

1302 2768 1368 2836 iiic
1390 2771 1571 2836 decummt
1592 2770 1655 2837 viri
1671 2767 1797 2857 politici
1819 2773 1862 2837 ad
1885 2769 2128 2837 similitudinem
2158 2775 2203 2838 ci·

1216 2853 1331 2924 vilium
1351 2858 1558 2922 iudiciorum.
1624 2861 1661 2923 in
1687 2856 1739 2923 his
1761 2860 1791 2923 si
1813 2879 1880 2945 qua
1912 2871 1966 2923 est
1998 2860 2202 2946 ambiguitas

1216 2941 1341 3030 legum,
1365 2942 1538 3029 sequenda
1558 2955 1611 3009 est
1620 2945 1848 3029 interpretatio
1860 2946 2024 3031 praetoris
2046 2949 2203 3034 autprin·

1218 3033 1321 3116 cipis,
1350 3042 1384 3096 et
1416 3041 1552 3116 propter
1572 3030 1662 3096 hunc
1689 3033 1829 3118 gradrun
1849 3028 1939 3098 valet
1960 3034 2224 3119 interpretatio..

1216 3117 1266 3182 ita
1288 3118 1401 3184 dicunt
1421 3119 1484 3182 vir-i
1505 3116 1633 3202 politici
1655 3120 1729 3186 eius
1751 3119 1880 3205 Synodi
1897 3119 2203 3204 interpretationem

1215 3201 1340 3283 valore,
1375 3224 1462 3291 quac
1490 3202 1636 3292 legitimo
1659 3207 1758 3271 modo
1781 3207 1824 3270 ab
1846 3206 2014 3271 ordinaria
2034 3217 2203 3293 potestate

1216 3289 1360 3357 collecta
1377 3293 1432 3356 sit
1496 3290 1628 3358 Deinde
1651 3294 1775 3373 dicunt,
1803 3312 1872 3357 non
1895 3312 1937 3357 ex
1956 3290 2043 3359 solis
2065 3294 2202 3379 scriptis

1214 3377 1425 3465 Propheticis
1459 3390 1492 3444 ct
1524 3378 1746 3464 Apostolicis,
1782 3391 1815 3444 et
1849 3376 2019 3466 symbolis
2052 3400 2202 3466 pronun·

1215 3467 1361 3530 tiendum
1379 3485 1469 3543 esse,
1493 3467 1555 3530 seri
1578 3466 1676 3530 ctiam
1699 3487 1740 3530 ex
1763 3484 1943 3545 consensu,
1970 3467 2026 3552 qui
2047 3467 2081 3532 in
2101 3474 2201 3554 'prae-

1215 3553 1320 3636 cipuis
1354 3551 1583 3636 scriptoribus
1616 3549 1868 3617 Ecclesiasticis
1901 3564 2011 3631 extat,
2043 3566 2090 3634 ut,
2124 3574 2202 3619 cum

1213 3638 1363 3725 plerique
1395 3658 1512 3703 omnes
1546 3638 1717 3703 nominant
1739 3636 1889 3704 Coenam
1909 3637 2043 3706 Domini
2074 3638 2201 3706 sacrifi·

1215 3728 1314 3805 cium,
1346 3735 1402 3791 aut
1434 3723 1585 3811 plerique
1608 3745 1723 3790 omnes
1746 3726 1916 3790 nominant
1938 3724 2199 3806 satisfactiones,

1213 3824 1271 3878 aut
1281 3813 1479 3876 mentionem
1491 3807 1619 3876 iaciunt
1635 3812 1854 3877 invocationis
1866 3824 2086 3893 mortuorum,
2107 3812 2200 3878 hunc

1214 3917 1416 3964 consensum
1437 3898 1529 3963 aiunt
1550 3898 1754 3983 sequendum
1778 3917 1857 3963 esse
1873 3899 1946 3965 sine
1964 3901 2201 3967 contradictio·

1213 4007 1266 4051 ne.
1322 3984 1365 4049 Et
1381 3983 1471 4049 bunc
1493 4004 1695 4049 consensum
1718 3986 1832 4050 dicunt
1853 3984 2046 4072 Groperus,
2078 3982 2200 4053 Vuice·

63 4053 68 4057 ¹
179 4060 343 4135 sinimur·
399 4049 489 4115 Ᾱῦῑθ
522 4054 745 4138 0⁰8¹¹lll⁰¹²0m
777 4075 845 4119 ¹¹⁰ss
880 4066 959 4120 ⁸¹¹¹st
991 4054 1164 4141 ⁰⁰8⁰¹¹d⁸0
1212 4069 1288 4150 lius,
1312 4068 1450 4135 etmulti
1470 4069 1539 4148 alii,
1563 4091 1713 4136 normam
1735 4072 1902 4137 immotam
1924 4092 2002 4137 esse
2024 4071 2059 4136 in
2079 4068 2199 4140 Eccle-

177 4133 364 4216 Ecclasiae,
386 4148 423 4203 nt
444 4138 638 4220 promittant
660 4159 699 4203 se
721 4140 849 4227 Synodi
870 4142 1015 4207 decretis
1038 4140 1164 4206 obtem·
1214 4159 1283 4237 sia,
1316 4152 1477 4242 singulos
1508 4156 1663 4222 homine,
1697 4176 1810 4222 mare
1843 4178 1946 4244 poss,
1967 4179 2009 4224 ω
2030 4161 2199 4243 potuisse,

178 4235 355 4326 iimisslfflss
390 4242 489 4302 ⁰⁸⁸0,
521 4234 558 4289 ui
584 4225 958 4312 3¹¹¹¹1¹¹⁰ii⁰⁵i⁰l⁰l¹1rr
990 4237 1027 4293 ¹¹⁸
1048 4247 1164 4293 ⁰ffl¹¹⁰S
1213 4245 1275 4310 sed
1299 4263 1506 4309 communem
1537 4263 1655 4310 vocem
1690 4241 1887 4310 Catholicae
1918 4240 2096 4310 Ecclesiae
2127 4264 2198 4310 non

177 4320 372 4458 Ιίξᾨωῐῑῑξθῖ
394 4329 432 4375 ⁸0
456 4312 843 4419 ⁰bl⁰¹¹¹i³0i⁸l¹1f⁰ffl⁰⁸⁵0
865 4314 1010 4381 ³0⁰1&ss
1037 4314 1162 4402 Simili
1211 4352 1325 4419 posse¹
1338 4349 1464 4395 errare.
1530 4328 1623 4397 ilaec
1644 4331 1835 4417 imaginatio
1854 4328 2042 4415 plausibilis
2066 4341 2135 4410 est,
2163 4341 2197 4395 et

207 4396 414 4500 nd⁰nl¹¹¹⁸02
465 4394 502 4501 ld
531 4408 609 4463 ”¹¹¹⁰
639 4413 863 4486 ⁰⁰8¹¹¹l¹⁰¹¹⁰¹¹¹
883 4421 950 4464 ”⁰¹¹
974 4413 1027 4466 θεῖ
1049 4412 1163 4487 imm·
1235 4420 1291 4482 aia
1312 4416 1467 4502 congruit
1489 4437 1565 4483 cum
1587 4413 1732 4501 politicis
1755 4416 1977 4502 opinionibus,
2000 4431 2033 4482 et
2050 4418 2127 4504 quia
2148 4418 2197 4484 vi·

177 4477 326 4562 latidum,
360 4504 437 4568 qiiia
462 4486 590 4571 byiioill
613 4497 693 4551 sunt
713 4486 837 4553 iudicia
858 4487 1042 4567 ordinarie,
1076 4507 1163 4573 quae
1212 4440 1308 4571 gotm-
1329 4523 1479 4569 normam
1500 4513 1707 4570 monstrasse
1724 4505 2001 4584 mm‘odiopem,
2032 4525 2109 4570 oum
2137 4505 2197 4570 gd.

177 4566 362 4633 ffll‘lflmuf
383 4569 417 4674 53¹
438 4572 631 4678 ῑῐῑνὶίθὸιῇξῒ
653 4573 719 4638 ‘llil
740 4572 846 4651 ⁸⁰¹0lr
878 4570 1163 4660 Est‘1¹¹⁰¹¹¹¹¹¹¹¹li¹·
1210 4592 1333 4678 probet
1351 4589 1398 4668 id,
1419 4588 1510 4673 quod
1531 4601 1669 4675 propter
1691 4590 2107 4677 consuetudinemgratius
2131 4602 2195 4656 est.

177 4663 246 4717 tum
268 4651 447 4736 Ecclesris,
468 4667 505 4722 ut
522 4654 703 4746 legitimam
726 4659 950 4746 cognitionem
976 4661 1162 4740 instituant,

178 4757 245 4823 qna
265 4740 429 4821 instituta,
452 4744 593 4811 sirecte
613 4747 862 4830 pronuntiatum
883 4742 1002 4824 fuerit,
1036 4745 1161 4810 obtem·
1298 4743 1367 4810 Sed
1390 4747 1588 4828 opponenda
1611 4755 1664 4810 est
1684 4741 1763 4809 iruic
1783 4745 1849 4808 ima
1872 4743 2009 4809 'nationi
2031 4740 2117 4809 haec
2137 4745 2196 4810 im·

176 4824 361 4910 perandum
383 4837 448 4891 est.
514 4830 557 4896 Et
585 4833 615 4897 si
638 4832 802 4918 quianon
824 4833 1048 4919 obtemperat,
1075 4833 1162 4898 iuste
1210 4841 1301 4897 mota
1333 4829 1516 4895 sententia:
1549 4830 1588 4895 Si
1621 4832 1695 4917 quis
1727 4827 1817 4896 aliud
1868 4828 2061 4916 vangeiinm
2082 4832 2196 4909 docet,

175 4910 321 4996 partitur.
1211 4916 1388 4982 anathema
1408 4917 1463 4983 sit.
1508 4915 1575 4982 Ubi
1596 4913 1771 4983 manifesta
1793 4928 1870 5005 sunt
1893 4917 1982 4982 dieta
1993 4915 2197 5002 Propbetica

1211 5014 1245 5066 et
1267 5000 1478 5089 Apostolica,
1511 5014 1548 5068 et
1576 5001 1805 5069 manifestum.
1821 5015 1886 5080 est,
1915 5004 2095 5069 dissentire
2116 5022 2196 5073 con·

261 5081 324 5150 Sin
346 5095 457 5151 autem
479 5106 546 5152 non
567 5068 663 5155 recte
682 5089 931 5176 pronuntiatum
952 5085 1064 5170 merit,
1083 5089 1161 5174 pies
1211 5089 1421 5162 uetudincra
1440 5101 1502 5157 ast
1519 5089 1723 5177 scriptores,
1735 5109 1897 5176 ›quor-n
1914 5087 2048 5177 plurimi
2067 5091 2196 5158 initan-
