4628 5588
143 162 208 231 tol
473 178 476 183 ·
777 150 894 221 Pulla.
914 150 1020 218 nme.
1032 148 1222 218 smum
1242 146 1525 217 DOGMATIGA.
1906 172 1912 181 ·
2091 154 2163 223 759

143 359 257 416 mento
285 345 438 412 sentiam.
482 343 555 410 Nec
583 345 682 410 video
710 363 860 422 causam,
889 363 955 408 cur
985 362 1053 406 nnn
1081 342 1127 408 ibi
1178 341 1249 407 siae
1271 339 1410 407 iidciiter
1433 342 1566 423 docere,
1587 362 1687 430 quam
1710 345 1752 410 de
1773 347 1985 433 geometricis
2003 344 2163 432 specule-

145 456 228 504 rere
248 434 370 500 adesse
391 433 513 518 possit,
536 432 590 495 ubi
610 450 690 495 rere
709 429 830 517 aliquid
850 425 962 494 eflicit.
985 427 1127 494 Constat
1179 428 1342 508 tionibus,
1372 448 1458 533 purae
1484 441 1610 496 tontum
1632 432 1774 496 reddunt
1796 446 1924 498 mentes
1953 432 2162 519 prophanas,

144 534 257 589 autem
278 530 490 585 sacramenta
511 517 553 582 ud
576 518 642 582 icc
664 519 920 595 instituta-esse,
944 527 982 580 ut
1003 537 1063 598 per
1085 536 1126 580 aa
1179 536 1246 579 non
1268 512 1361 580 alunt
1378 518 1477 579 ndem
1500 529 1557 581 aut
1579 517 1729 583 timorem
1750 515 1826 599 Dei,
1847 520 1909 585 scd
1933 517 2021 585 iccio
2044 519 2161 601 finem,

144 608 240 673 Deus
262 615 397 671 moveat
425 615 459 669 et
488 605 653 668 exuscitet
681 615 809 667 mentes
839 604 881 668 ad
915 602 1126 668 credendum.
1178 620 1246 666 non
1276 602 1363 665 enim
1390 602 1515 667 institui
1542 603 1814 688 disputationem,
1840 607 1901 670 sed
1936 606 2013 672 dum
2042 606 2163 695 Augu·

145 694 222 761 Nou
244 693 330 757 enirn
352 702 432 755 sunt
460 691 625 768 instituta,
654 700 689 753 ut
717 701 842 754 tantum
870 690 936 753 sint
963 703 1064 754 notac
1085 710 1126 753 ac
1178 688 1255 751 otini
1277 685 1387 752 locum
1409 709 1548 774 repono,
1570 691 1655 755 haec
1677 692 1818 757 dicenda
1841 687 1985 771 suerunt,
2006 704 2044 758 ut
2065 690 2164 759 ciere

146 781 242 866 signa
275 773 515 864 professionis,
548 796 634 861 qnae
667 776 859 841 discernant
887 794 951 839 nos
979 777 1022 839 ab
1051 772 1126 839 aliis
1178 785 1354 857 appareret
1383 771 1471 840 iliam
1493 778 1690 844 sententiam
1711 779 1755 844 sd
1783 778 1871 845 hano
1895 780 2163 846 controversiam

147 865 315 955 gentibus,
337 873 374 929 ut
394 862 490 949 Toga
511 860 683 927 Ronranos
705 863 916 927 discernebat
937 881 958 925 a
976 860 1127 940 Graecis,
1177 858 1259 925 niuil
1280 862 1455 947 pertinere.

145 964 204 1018 uut
237 951 382 1015 varietas
409 952 551 1014 vestitus
584 949 742 1013 discernit
770 946 966 1012 Monachus.
1009 947 1128 1033 Neque
1193 973 1200 982 ·

112 1038 115 1043 ’
145 1058 263 1124 parum
285 1033 389 1102 refert
411 1036 443 1101 in
462 1035 527 1101 hoc
549 1035 794 1112 controversia,
816 1055 930 1099 verum
952 1052 1048 1099 usum
1072 1053 1126 1098 sa·
1600 1030 1724 1101 FINIS.

147 1133 391 1190 crementorum
412 1132 540 1201 tenere,
562 1123 691 1207 dequo
714 1121 821 1207 magia·
842 1116 1127 1207 proderutEccle-
