4628 5588
749 151 888 228 ¹PlllL.
908 151 1218 245 MELSCRIPTA
1238 152 1520 249 belunenen.
1604 93 1616 106 ⁸

135 154 205 225 aaa
1938 120 1947 132 '
2038 202 2042 207 .
2087 154 2155 222 aco

137 345 191 412 rte
211 344 355 423 videtur,
375 356 486 408 tamen
508 338 567 410 iila
587 362 710 428 magna
731 351 765 407 et
785 341 953 407 horrenda
975 315 1133 422 luerunt,¹
1172 364 1233 410 nes
1266 355 1366 410 nates
1399 364 1442 410 ex
1464 305 1707 412 ⁸commixtione
1738 346 1856 413 viriet
1875 344 2043 426 mulieris,
2075 365 2155 412 reor

136 431 246 499 averti
278 451 299 494 a
332 429 419 509 Deo,
447 428 618 515 negligere
640 429 831 493 mandatum
854 425 930 507 Dei,
952 425 1120 494 anteferre
1173 450 1261 509 esse,
1282 430 1346 494 iam
1369 434 1539 517 quaeritur
1561 431 1627 498 hoc
1648 431 1771 499 malum
1798 430 1899 520 quale
1920 435 1972 499 sit.
2038 429 2155 519 Aliqui

137 513 243 584 ullam
278 537 348 581 rem
381 516 569 594 humanam,
603 513 646 579 Et
668 535 743 579 cum
766 533 883 578 omnes
905 525 1045 579 naturae
1067 536 1118 578 ra·
1172 519 1337 594 dixerunt,
1371 530 1496 585 tantum
1528 541 1670 605 poenam
1703 534 1792 598 esse,
1825 540 1891 604 qua
1924 517 2080 605 obligata
2101 527 2156 583 est

137 599 299 680 tionales,
327 599 439 688 angeli
461 616 494 667 et
510 601 662 666 homines
684 602 731 666 ita
752 600 876 665 conditi
899 603 966 664 sint
989 621 1010 664 a
1031 598 1118 679 Deo,
1171 603 1258 668 haec
1278 614 1397 668 natura
1417 607 1461 670 ad
1483 617 1621 671 mortem
1644 608 1810 690 corporis,
1831 603 2064 685 cliidixerunt‚
2080 625 2155 669 rea·

138 700 174 756 ut
195 709 257 774 per
278 688 435 771 Spiritum
457 699 612 754 sanctum
633 683 745 773 angeli
774 698 807 751 et
838 685 991 751 homines
1019 706 1120 770 copu-
1172 701 1241 754 tum
1264 709 1341 753 esse
1364 690 1436 756 sine
1457 693 1537 757 vitio
1559 693 1592 757 in
1614 694 1696 778 ipsis
1719 691 1860 772 hominis
1883 693 2019 758 viribus.
2085 691 2157 758 Sed

137 773 198 842 lati
232 787 345 839 essent
377 773 465 854 Deo,
497 785 633 839 aeterna
655 775 837 851 societate,
868 784 902 836 et
922 793 989 836 non
1013 770 1121 836 solum

100 877 105 892 ·
136 858 268 949 luceret
301 862 334 925 in
369 861 419 926 eis
451 862 561 947 imago
595 861 779 944 sapientiae
809 870 842 923 et
875 860 1021 923 iustitiae
1042 858 1120 936 Dei,

138 948 202 1013 sed
223 948 322 1011 etiam
343 945 534 1012 transfusus
557 957 649 1010 esset
669 946 703 1009 in
727 965 786 1008 eos
800 943 947 1030 Spiritus
970 955 1120 1022 sanctus,

138 1045 175 1100 ut
205 1054 280 1099 cum
307 1031 407 1096 Patre
425 1043 458 1097 et
486 1030 583 1112 Filio,
605 1029 746 1096 mirabili
768 1051 881 1094 amore
903 1032 1046 1095 connexi
1070 1050 1122 1094 es·

108 1115 111 1118 ’
139 1130 225 1198 sent,
248 1131 406 1204 quantum
422 1115 545 1183 malum
567 1115 628 1182 luit
649 1137 804 1202 rumpere
825 1114 917 1181 illam
940 1115 1123 1201 copulatio·

138 1204 236 1271 uem?
275 1216 399 1290 quanta
442 1205 645 1292 ingratitudo
679 1201 739 1268 suit
772 1216 930 1268 excutere
964 1202 1124 1288 Spiritum

139 1303 305 1369 sanctum,
327 1303 362 1355 et
384 1288 473 1355 illam
492 1301 661 1355 aeternam
673 1290 947 1354 coniunctionem¹
959 1309 1035 1376 ,cum
1048 1289 1123 1354 Deo

139 1378 336 1462 aspernari?
386 1374 483 1441 Tanti
505 1374 585 1441 mali
607 1375 776 1460 turpitudo
799 1396 864 1440 non
888 1387 1002 1459 potest
1023 1372 1123 1439 ullius

31 1526 38 1543 ,
139 1460 251 1546 angeli
273 1460 329 1528 vel
351 1459 493 1527 hominis
522 1459 710 1547 eloquentia
732 1463 814 1526 satis
838 1464 971 1546 exponi,
993 1463 1058 1527 imo
1082 1481 1124 1525 ne

80 1567 81 1571 ’
124 1626 126 1630 k
163 1548 272 1614 uidem
303 1547 539 1632 comprehendi
568 1549 769 1633 cogitatione
791 1559 912 1632 potest.
978 1547 1124 1612 llorren-

140 1567 218 1699 dum
246 1631 368 1699 malum
403 1645 456 1699 est
487 1647 680 1718 peccatum,
716 1655 780 1698 nec
813 1633 1005 1719 magnitudo
1040 1635 1122 1698 satis

76 1771 79 1779 .
140 1721 232 1785 cerni
260 1729 384 1802 potest,
417 1720 479 1783 sed
512 1732 705 1784 reverenter
728 1716 1068 1804 cogitationelapsus
1091 1730 1124 1783 et

139 1824 323 1890 poenarum
347 1826 625 1889 expavescamus,
644 1817 678 1871 et
699 1804 883 1870 add'dium
904 1804 1123 1896 lllediatorem

121 1889 383 1977 ,confugiamus

227 2061 450 2128 Considerata
483 2074 593 2127 autern
626 2063 819 2127 narratione
853 2065 894 2126 de
923 2061 1037 2146 Lapsu
1058 2063 1123 2146 pri·

138 2169 268 2213 morum
286 2148 477 2226 Parentum,
502 2149 621 2212 deinde
633 2151 849 2214 ostendamus
869 2169 910 2212 ex
933 2150 1030 2212 dictis
1043 2148 1124 2213 Pro-

138 2233 284 2319 pheticis
308 2247 340 2298 et
364 2230 568 2318 Apostoliris
590 2237 821 2319 posteritatem
838 2255 931 2298 ream
950 2254 1026 2298 esse
1048 2254 1123 2318 pro·

139 2332 214 2403 pter
232 2317 325 2384 illum
346 2317 497 2403 lapsum,
531 2332 564 2383 et
598 2318 823 2385 delibitionem
846 2319 971 2404 firmam
995 2332 1028 2384 et
1049 2341 1124 2404 pcr-

140 2407 292 2489 spicuam
305 2404 558 2484 constitumnuS,
577 2405 663 2479 Quid
675 2408 717 2470 sit
729 2420 901 2492 peccatum
921 2402 1012 2484 illud,
1034 2407 1123 2490 quod

139 2493 174 2555 in
202 2504 360 2575 posteros
393 2505 492 2556 natos
515 2513 557 2555 cx
589 2494 820 2570 commixtione
842 2495 904 2557 viri
926 2506 959 2556 et
981 2491 1125 2556 mulieris

57 2582 61 2593 '
139 2588 361 2663 propagatum
395 2589 465 2657 est,
498 2579 589 2663 quod
617 2580 738 2644 usitate
768 2572 910 2659 vocant,
946 2577 1124 2643 Peccatum

142 2666 290 2749 originis.

226 2832 279 2897 Ac
300 2828 392 2899 initio
414 2837 593 2902 recitemus
615 2836 727 2924 aliqua
738 2838 939 2915 testimonia,
963 2857 1049 2922 quae
1067 2839 1124 2901 ad·

140 2909 311 3000 firmant,⁵
330 2925 557 3005 posteritatem
591 2946 682 2989 reum
716 2943 795 2987 esse
834 2936 970 3007 propter
1003 2924 1123 2987 Adam.

140 3005 255 3071 Tradit
273 3019 380 3071 autem
402 3006 529 3073 Paulus
551 3009 639 3074 harre
651 3011 834 3074 docuinam
848 3030 1008 3094 expresse
1027 3009 1122 3073 Rom.

140 3092 172 3156 5.
218 3093 283 3156 Per
306 3115 404 3157 unum
427 3094 604 3176 hominem,
628 3108 802 3179 peccatum
825 3097 960 3159 intravit
982 3098 1013 3158 iu
1032 3116 1123 3158 mun·

92 3194 96 3202 “
141 3178 230 3254 dum,
254 3191 288 3241 et
309 3201 370 3263 per
393 3194 565 3263 peccatum
590 3203 691 3260 more,
711 3195 744 3246 et
763 3183 812 3245 sic
836 3183 868 3245 in
883 3202 998 3244 ornnes
1020 3180 1119 3244 homi·

140 3283 203 3328 nes
238 3285 328 3327 mors
362 3269 526 3348 pervasit,
559 3289 599 3332 eo
630 3270 718 3353 quod
750 3287 865 3331 onmes
887 3280 1123 3351 peccaverunt,

140 3349 174 3414 id
199 3360 261 3428 est,
296 3352 342 3414 rei
365 3348 443 3416 foen
467 3366 563 3433 sunt,
596 3376 657 3419 seu
680 3354 793 3417 reiecti
816 3365 848 3417 et
870 3353 1012 3417 dannrati
1034 3365 1121 3418 sunt.

139 3435 228 3501 Nota
251 3449 303 3500 est
326 3439 409 3500 enim
433 3437 567 3522 phrasis
592 3441 774 3518 hebraica,
810 3461 895 3525 quae
918 3442 1022 3504 verbo
1044 3462 1122 3525 pec·

141 3543 219 3586 carc
241 3523 408 3588 sirnilicat
430 3547 534 3605 reum,
557 3528 589 3590 id
612 3539 675 3606 est,
698 3529 854 3591 reiectum
879 3538 912 3591 et
933 3528 1122 3591 damnatum

141 3629 229 3673 esse.
273 3574 480 3680 bennonim
504 3611 625 3678 delicto
650 3633 765 3680 omnes
788 3616 1008 3692 mortuisunt,
1030 3612 1121 3699 Ergo

140 3693 194 3758 alii
218 3708 295 3759 sunt
317 3698 364 3760 rci
398 3711 534 3781 propter
551 3700 646 3765 Adae
668 3698 810 3785 lapsum.
876 3699 919 3764 Et
941 3699 1066 3782 Ephes.
1089 3701 1120 3764 o.

138 3778 281 3843 Eramus
304 3795 421 3848 natura
443 3783 499 3848 filii
522 3789 602 3864 irae,
627 3789 712 3851 sicut
735 3798 768 3850 et
790 3788 926 3865 caeteri,
956 3787 1122 3851 llebraica

139 3864 274 3952 phrasis
297 3880 358 3944 est,
383 3869 438 3933 lilii
463 3874 543 3948 irae,
565 3874 598 3936 id
621 3887 685 3951 cst,
704 3874 827 3957 proprii
850 3875 938 3951 irae,
968 3874 1034 3937 hoc
1058 3886 1121 3951 est,

139 3954 189 4016 rei
223 3964 256 4015 et
286 3954 439 4018 damnati.
506 3958 548 4021 Et
581 3957 715 4023 Psalmo
738 3959 791 4021 50.
815 3958 1065 4024 dicitur·:‘Ecce
1086 3961 1120 4023 in

138 4039 362 4123 iniquitatibus
387 4055 569 4127 conceptus
594 4066 685 4123 sum,
718 4057 750 4109 ct
772 4046 804 4108 in
827 4047 976 4130 peccatis
1000 4067 1121 4111 concc-

139 4126 188 4210 pit
210 4147 262 4189 me
284 4143 390 4191 mater
412 4149 496 4208 ntea,
520 4131 639 4213 quibus
664 4133 776 4195 verbis
799 4133 950 4197 adfirmat
973 4131 1120 4217 Prophe·

138 4223 173 4275 ta
195 4229 369 4296 peccatum
392 4211 526 4299 aliquod
550 4231 769 4304 propagatum
793 4221 1119 4303 esscoparentibus

139 4295 253 4369 Quare
285 4297 407 4363 malum
441 4298 587 4385 aliquod,
622 4316 654 4367 et
687 4327 708 4392 a
736 4306 849 4391 primis
869 4307 1063 4391 parentibus
1086 4307 1119 4376 in

139 4397 297 4468 posteros
319 4398 540 4473 propagatum
563 4403 626 4455 est
681 4456 686 4463 Ι
735 4410 737 4414 ”

226 4554 299 4621 Etsi
331 4570 439 4623 autern
472 4557 614 4627 humana
636 4563 757 4627 iudicia
775 4565 847 4627 sine
871 4565 1022 4628 doctrina
1044 4583 1120 4628 coe·

24 4696 29 4702 .
138 4636 231 4721 lesti,
261 4664 329 4708 non
364 4659 502 4712 cernunt
532 4670 622 4713 ream
655 4670 733 4714 esse
764 4649 929 4715 hominum
954 4663 1120 4728 naturam,

139 4747 204 4792 nec
244 4745 434 4814 agnoscunt
477 4736 578 4813 satis,
623 4732 711 4800 mala
748 4736 916 4801 haerentia
951 4739 984 4801 in
1018 4737 1121 4802 homi·

139 4832 217 4878 num
251 4828 388 4897 natura,
418 4831 526 4884 tamen
557 4819 778 4887 calamitatum
811 4825 1002 4905 nragnitudo
1031 4845 1121 4889 com·

42 4910 48 4930 ¹
138 4896 340 4968 monetaetio
374 4918 426 4970 est
458 4907 500 4971 de
534 4929 653 4989 causa,
687 4929 765 4975 esse
798 4889 954 4975 videlicet
986 4908 1121 4994 aliquod

137 5001 313 5072 peccatum
336 4991 370 5054 in
392 4990 559 5074 hominum
576 5007 705 5073 natura,
733 4997 824 5081 quod
847 4998 891 5061 sit
914 4993 990 5060 fons
1013 5008 1120 5060 tanto·

27 5141 32 5149 ,
138 5093 212 5141 rum
232 5073 403 5143 malorum.
447 5079 631 5167 Postquam
651 5094 761 5148 auteur
784 5094 911 5150 certum
933 5094 997 5163 est,
1017 5081 1122 5149 homi·

1172 774 1207 840 hi
1229 795 1362 840 errores
1384 779 1582 843 tristissimis
1608 772 1828 845 concionibus
1857 777 2100 864 Prophetarum
2121 787 2157 843 et

1172 860 1414 947 Apostolorum
1434 862 1610 931 manifeste
1626 864 1823 933 refutantur.

1259 1018 1323 1083 Est
1344 1030 1455 1085 autem
1477 1020 1563 1085 haec
1586 1018 1733 1086 definitio
1755 1021 1880 1086 usitata
1904 1021 1947 1085 ab
1970 1015 2156 1084 Anshelmo

1175 1101 1307 1170 Gallico
1340 1116 1500 1190 accepta,
1535 1119 1568 1170 et
1590 1120 1718 1191 postea
1747 1108 1781 1171 in
1819 1103 1946 1171 scholis
1974 1102 2157 1185 celebrata,

1175 1214 1274 1277 quam
1297 1191 1429 1276 quidem
1457 1204 1555 1257 autor
1586 1194 1659 1277 ipse
1691 1195 1775 1258 satis
1800 1191 1988 1258 luculenter
2009 1201 2158 1270 enarret,

1174 1280 1248 1367 sed¹
1269 1279 1476 1342 recentiores
1504 1299 1571 1343 uon
1594 1279 1711 1345 eodem
1732 1280 1832 1345 medo
1855 1299 1929 1345 earu
1950 1277 2158 1364 interpretati

1261 1518 1441 1585 Peccatum
1474 1520 1613 1604 originis
1646 1531 1700 1586 est
1722 1521 1871 1585 carentia
1892 1519 2035 1583 iustitiae
2057 1519 2157 1604 origi·

1175 1602 1274 1682 nalis,
1297 1606 1428 1671 debitae
1450 1606 1572 1670 inesse.
1601 1606 1762 1671 Libenter
1783 1604 1967 1692 amplector
1989 1602 2077 1670 hanc
2100 1605 2157 1669 de·

1176 1691 1374 1770 finitionem,
1408 1693 1469 1756 sed
1502 1693 1619 1758 dextre
1643 1689 1858 1778 intelligatur,
1890 1702 1928 1756 ut
1959 1705 2057 1756 autor
2083 1691 2158 1775 ipse

1177 1791 1318 1860 enarrat.
1364 1778 1448 1843 Nam
1470 1779 1593 1843 iustitia
1615 1778 1798 1864 originalis,
1816 1776 2063 1865 nonsignilicat
2085 1788 2157 1841 tan·

1176 1875 1245 1929 tum
1277 1867 1540 1949 acceptationem
1563 1867 1733 1944 divinam,
1768 1867 1841 1930 sine
1867 1866 1957 1929 veris
1979 1865 2156 1930 virtutibus

1176 1952 1283 2016 insitis
1305 1949 1472 2016 bominum
1496 1963 1645 2017 naturae.
1689 1954 1766 2018 Ideo
1789 1964 1898 2016 autem
1921 1971 2025 2035 supra
2041 1944 2158 2014 receti·

1176 2039 1228 2101 sui
1250 2035 1410 2120 prolixius
1432 2038 1617 2102 doctrinam
1638 2039 1680 2103 de
1703 2039 1872 2104 creatione
1883 2038 2038 2115 hominiS,
2060 2048 2093 2100 ct
2115 2036 2158 2100 de

1175 2124 1318 2209 imagine
1352 2122 1416 2198 Dei
1440 2127 1470 2188 in
1499 2121 1699 2201 hominibus,
1725 2136 1761 2189 ut
1782 2137 1901 2210 postea
1920 2121 2039 2209 lapsus
2062 2118 2157 2188 intel·

1175 2207 1234 2296 ligi
1256 2213 1362 2296 magis
1384 2210 1561 2294 perspicue
1579 2223 1705 2295 posset.
1967 2293 2001 2331 N

1259 2381 1342 2445 Erat
1375 2393 1452 2446 ante
1485 2382 1617 2467 lapsum
1649 2383 1683 2446 in
1717 2394 1827 2446 mente
1849 2380 1946 2454 Adae
1973 2383 2092 2447 notitia
2114 2383 2156 2447 de

1175 2466 1250 2532 Deo
1272 2467 1444 2547 illustrior,
1468 2480 1499 2532 et
1521 2468 1645 2533 tirmior·
1665 2471 1831 2534 adsensus
1854 2469 2015 2533 minarum
2033 2464 2158 2553 etpro-

1176 2557 1369 2620 missionum
1392 2552 1556 2640 legalium.
1601 2554 1731 2620 Deinde
1748 2554 2063 2638 voluntasnondum
2086 2564 2158 2618 erat

1176 2663 1297 2706 aversa
1319 2665 1339 2706 a
1360 2642 1447 2716 Deo,
1471 2643 1534 2705 sed
1556 2653 1626 2705 erat
1649 2653 1769 2706 ornata
1789 2642 1824 2705 in
1854 2642 2021 2705 creatione
2043 2637 2156 2704 multis

1179 2730 1365 2806 virtutibus,
1386 2729 1505 2792 timore
1527 2741 1560 2792 et
1578 2725 1754 2793 dilectione
1776 2727 1853 2805 Dei,
1882 2726 2003 2792 fiducia
2026 2726 2100 2804 Dei,
2124 2738 2158 2790 et

1175 2816 1298 2879 iustitia
1317 2812 1508 2892 universali,
1531 2811 1622 2879 iitxta
1644 2827 1746 2879 totam
1767 2811 1875 2901 legem
1886 2824 2038 2879 naturae.
2084 2813 2158 2877 Nec

1176 2915 1269 2966 erant
1293 2899 1522 2966 inclinationes
1545 2903 1578 2965 in
1600 2899 1771 2966 volontate
1793 2911 1911 2967 contra
1932 2900 2057 2985 Legem
2078 2898 2155 2964 Dei.

1261 3089 1366 3155 Erant
1399 3102 1431 3155 et
1465 3092 1498 3155 in
1529 3092 1631 3155 corde
1659 3089 1812 3156 adfectus
1836 3100 2057 3175 congruentes
2082 3110 2157 3154 curn

1174 3175 1252 3263 lege
1285 3177 1425 3256 mentlS,
1460 3198 1522 3241 nec
1552 3188 1648 3242 erant
1669 3175 1902 3243 inclinationes
1924 3189 1981 3242 aut
2002 3174 2157 3241 adiectus

1176 3277 1292 3328 comra
1313 3261 1422 3349 legem
1445 3265 1574 3328 mentis·
1640 3263 1736 3328 Hanc
1759 3278 1860 3329 totum
1883 3265 2105 3348 integritatem
2123 3274 2158 3327 et

1176 3350 1386 3415 concordiam
1410 3351 1441 3414 in
1465 3364 1586 3429 mente,
1610 3348 1793 3427 voluntate,
1817 3363 1850 3415 et
1873 3352 1974 3415 corde
1992 3359 2158 3415 vocarunt

1175 3437 1401 3501 rectitudinem
1423 3448 1456 3501 et
1475 3438 1634 3502 iustitiam
1656 3435 1863 3524 originalem.

1261 3625 1344 3692 Cum
1382 3628 1482 3713 igitur
1522 3629 1554 3690 in
1589 3625 1776 3691 definitione
1814 3624 1990 3690 hnshclmi
2023 3625 2154 3705 dicitur,
2250 3670 2253 3679 .

1173 3728 1347 3798 peccatum
1366 3714 1504 3798 originis
1528 3725 1579 3777 cst
1602 3711 1752 3776 defectus
1774 3714 1916 3775 iustitiae
1934 3713 2085 3798 originis,
2107 3713 2156 3776 in·

1173 3798 1341 3885 telligatur
1374 3800 1495 3863 institia
1518 3801 1584 3863 non
1608 3810 1733 3863 tantum
1757 3798 1961 3881 acceptatio,
1994 3801 2067 3863 sine
2088 3796 2155 3863 illis

1174 3886 1364 3965 virtutibus,
1386 3887 1446 3948 sed
1470 3897 1644 3972 utrumqne
1667 3885 1954 3969 cornplectendum
1977 3896 2042 3962 cst,
2065 3882 2155 3949 dete·

1174 3989 1247 4038 ctus
1281 3973 1533 4056 acceptationis,
1562 3985 1595 4036 et
1618 3974 1789 4048 virtutum,
1819 3969 1948 4056 Estque
1979 3982 2156 4056 peccatum

1173 4061 1310 4144 originis
1330 4056 1483 4122 defectus
1505 4058 1652 4145 iustitiae
1674 4059 1823 4145 originis,
1856 4059 1889 4122 id
1913 4067 1977 4137 est,
2012 4059 2045 4120 in
2065 4059 2155 4122 natis

1173 4168 1214 4211 ex
1237 4147 1469 4212 commixtione
1491 4146 1590 4208 maris
1609 4157 1641 4209 et
1664 4141 1838 4224 lbcminae,
1858 4146 1992 4210 amissio
2013 4141 2098 4207 lucis
2121 4145 2156 4207 in

1172 4245 1292 4311 mente,
1316 4243 1349 4296 et
1370 4233 1503 4296 aversio
1525 4229 1708 4296 voluntatis
1731 4254 1750 4296 a
1773 4231 1861 4309 Deo,
1884 4242 1917 4294 et
1945 4230 2157 4295 contumacia

1173 4321 1305 4398 cordis,
1338 4340 1381 4383 ne
1414 4319 1545 4402 possint
1578 4317 1730 4382 homines
1763 4321 1893 4403 integre
1916 4315 2052 4381 obedire
2071 4315 2156 4402 Legi

1171 4407 1246 4484 Dei,
1269 4417 1385 4471 secuta
1405 4402 1534 4502 lapsum
1557 4405 1664 4482 Adae,
1688 4415 1946 4490 propterquam
1970 4403 2155 4487 corruptio·

1171 4517 1247 4559 nem
1277 4495 1343 4558 nati
1379 4505 1455 4556 sunt
1489 4494 1537 4555 rei
1570 4503 1602 4555 et
1623 4489 1679 4554 lilii
1702 4493 1784 4570 irae,
1812 4491 1931 4567 idest,
1966 4490 2155 4554 damnalia
2245 4550 2251 4560 ,

1172 4582 1259 4659 Deo,
1294 4581 1357 4643 nisi
1391 4576 1480 4643 sacta
1503 4574 1600 4643 luerit
1621 4578 1784 4642 remissio.
1851 4574 1887 4640 Si
1907 4577 1981 4661 quis
2001 4572 2073 4641 vult
2095 4575 2181 4641 ad·.

1173 4668 1270 4746 dere,
1304 4678 1402 4729 natos
1425 4668 1523 4730 etiatn
1544 4685 1622 4730 reos
1640 4685 1718 4731 esse
1739 4673 1877 4759 propter
1897 4662 2028 4747 lapsum
2046 4661 2155 4742 Adae,

1173 4774 1239 4819 non
1261 4772 1423 4840 repugno.

1258 4906 1352 4973 Hanc
1384 4905 1610 4976 definitionem
1643 4927 1754 4973 veram
1778 4926 1871 4985 esse,
1905 4917 1938 4972 et
1960 4915 2154 4988 perpetuam

1172 4993 1425 5080 Prophetarum,
1446 4991 1686 5080 Apostolorum
1713 5005 1747 5058 et
1778 5004 1926 5059 veterum
1954 4993 2156 5077 scriptorum
2239 5014 2255 5057 .‘

1172 5082 1370 5149 seutcmiam
1387 5081 1609 5149 certissimum
1631 5091 1695 5160 est,
1716 5077 1871 5148 videlicet
1891 5091 2066 5167 peccatum
2086 5076 2155 5143 ori·
