4628 5588
140 134 229 227 m

770 156 885 227 rom
905 159 1224 271 nausearent
1238 130 1518 230 nbonranca
1592 258 1596 265 ¹

2109 128 2117 141 δ

2087 167 2153 237 168
2253 190 2264 203 ⁵

30 396 33 401 -
136 347 185 413 lta
209 347 265 413 lex
287 360 425 415 naturae
448 352 547 415 docet
570 348 802 435 aequalitatem
819 354 853 415 in
878 353 1116 417 contractibus.
1139 350 1146 445 l
1169 363 1232 417 tur.
1262 350 1340 416 ldeo
1361 362 1473 417 autent
1493 362 1572 415 sam
1593 352 1735 417 iniustae
1754 330 2151 441 usurae‚.qulaexigitur
2179 376 2185 389 ·

135 435 221 500 -Nam
243 435 330 499 baec
348 438 513 501 sementia
535 449 586 501 est
608 436 663 501 lex
686 449 842 516 naturae,
864 458 907 502 ne
929 438 1003 522 quis
1024 434 1117 502 locu·
1168 459 1236 502 non
1258 438 1415 502 debitum.
1460 435 1603 503 Solvens
1626 439 1712 502 enim
1731 450 1890 515 mutuum,
1910 434 1990 503 nillil
2007 437 2151 521 emplius
2263 500 2266 504 .

135 519 256 608 pletori
280 520 361 586 velit
390 545 464 588 curn
496 524 690 588 detrimento
713 520 861 588 alteriue.
905 522 966 587 llic
989 525 1117 608 quaeti-

136 608 244 671 tarde
256 610 429 688 reditibus,
466 608 545 674 ltem
557 611 598 674 de
611 620 783 673 contractu
795 630 867 674 cum
880 620 978 692 pacto
992 609 1118 673 redem-

136 694 269 780 ptionis.
316 695 396 760 ltem
420 697 461 760 de
483 716 524 760 eo
547 696 637 780 quod
659 697 805 760 interest
850 695 931 759 lteur
941 695 983 759 de
994 696 1116 760 usuris.

455 1016 517 1081 DE
540 1016 790 1084 REDlTlBUS.

220 1204 360 1270 Reditus
383 1217 460 1269 suot
482 1204 642 1289 duplices,
665 1205 719 1270 alii
742 1208 912 1272 constituti
931 1217 1008 1272 sunt
1029 1228 1049 1271 a
1071 1204 1118 1271 le·

135 1292 248 1377 gitima
269 1303 436 1375 potestate
457 1294 488 1355 in
514 1296 610 1356 bouis
633 1295 849 1356 subditorum.
880 1293 920 1356 lli
944 1315 1018 1358 cum
1040 1304 1118 1357 sont

32 1432 37 1441 .
135 1379 308 1455 moderati,
330 1380 417 1442 sicut
439 1377 617 1463 vectigalia
639 1399 716 1444 esse
734 1380 900 1457 convenit,
924 1392 1004 1442 sunt
1026 1376 1105 1444 liciti

55 1510 57 1515 -
134 1464 219 1530 Nam
243 1465 491 1546 rtrttgistmtibus
514 1468 653 1529 debetur
674 1466 883 1549 stipendium,
916 1478 953 1529 ut
977 1464 1116 1529 llotnan.

138 1549 189 1613 13.
212 1551 371 1631 scripturn
391 1561 453 1613 est.
497 1555 545 1616 lta
572 1563 603 1614 ct
625 1551 719 1615 Deus
742 1552 914 1614 constituit
935 1553 1117 1615 sacerdoti-

14 1692 21 1707 .
134 1634 198 1700 bus'
218 1637 377 1699 decimas.
423 1635 599 1700 Caeterum
621 1648 801 1719 potestates
820 1638 972 1714 viderim,
996 1657 1038 1701 ue
1060 1638 1116 1700 im-

135 1723 265 1787 modice
288 1734 427 1785 onerem
450 1724 538 1786 botta
550 1723 766 1796 subditorum,
790 1724 867 1806 qnia
879 1735 1020 1803 peccam
1038 1744 1116 1786 eou-

135 1818 187 1873 tra
209 1806 275 1870 hoc
298 1808 486 1871 mandatum
511 1804 587 1870 Dei:
629 1806 703 1870 Non
727 1805 912 1885 furaberis,
948 1827 1021 1870 curn
1045 1810 1117 1871 siue

133 1893 221 1956 insta
254 1903 287 1956 et
322 1894 511 1956 necessaria
545 1914 648 1956 cansa
681 1895 723 1956 ad
749 1891 995 1977 llempublicam
1017 1895 1117 1976 pcrti-

133 1990 233 2043 neme
257 1990 396 2041 onerant
425 1975 582 2061 populum
606 1981 701 2044 novis
730 1990 788 2042 aut
810 1981 992 2043 immodicis
1015 1981 1117 2044 tribu-

134 2064 188 2143 tis,
212 2067 288 2150 quia
310 2061 455 2147 populus
479 2065 579 2127 babet
602 2065 834 2148 proprietatem
858 2066 889 2126 in
909 2067 979 2128 suis
1003 2068 1116 2143 rebus,

134 2153 222 2216 sicut
243 2149 385 2214 historia
408 2152 450 2214 de
468 2148 604 2212 Nabotlr
627 2149 921 2233 testatu1·3.lleg.
944 2149 997 2213 21.

220 2317 285 2383 Alii
309 2321 436 2383 reditus
458 2329 536 2381 sum
553 2319 683 2400 privato
706 2318 843 2381 arbitrio
866 2318 1050 2400 constituti,
1080 2330 1116 2383 ut

133 2428 208 2472 cum
227 2404 345 2490 aliquis
370 2406 541 2467 constituit
563 2405 594 2466 in
617 2404 720 2467 lando
744 2416 835 2467 certo
848 2409 1040 2471 seruitutem
1053 2426 1113 2487 pro

132 2494 251 2579 pretio,
276 2503 310 2554 ut
333 2488 418 2566 alins
442 2491 517 2552 iude
540 2491 717 2574 quotannis
740 2486 861 2553 lrabeat
880 2502 1003 2553 certam
1017 2511 1114 2573 pecn-

133 2581 234 2655 niam,
257 2587 314 2640 aut
333 2587 445 2639 certos
468 2573 608 2638 fructus.
639 2573 679 2638 lli
703 2587 896 2640 contractus
919 2577 1016 2639 etiam
1039 2588 1115 2639 sum

132 2662 226 2741 liciti,
249 2661 390 2738 seilicet,
416 2663 443 2724 si
466 2662 533 2724 siut
554 2681 655 2726 rerae
677 2662 898 2739 venditiones,
922 2659 1061 2740 ltocest,
1085 2663 1114 2725 si

131 2749 254 2816 fundus
278 2759 397 2830 posset
418 2748 582 2810 sustinere
606 2744 669 2809 boc
692 2766 795 2824 omre,
830 2760 862 2810 et
882 2750 914 2811 in
939 2758 1114 2812 contractu

132 2857 213 2902 vere
236 2836 314 2898 insit
337 2831 469 2907 saudim,
493 2834 580 2895 unde
604 2834 727 2896 reditus
745 2834 789 2897 sit
811 2833 1006 2898 solvendus.
1051 2832 1113 2897 Ta·

133 2922 186 2988 les
209 2923 353 2996 reditus,
386 2916 548 2992 vendere,
574 2938 705 2995 curere,
738 2930 772 2982 et
792 2921 966 3002 possidere
988 2918 1113 2984 licitum

133 3020 195 3075 est.
230 3005 275 3070 Ut
297 3006 383 3068 enim
406 3001 484 3065 licet
507 3014 609 3066 totum
633 3001 767 3068 fundum
791 3004 1112 3083 vemlere,·itasundi

130 3103 270 3181 partem.
294 3091 375 3166 dut,
398 3099 435 3151 ut
456 3085 533 3153 licet
554 3090 587 3152 in
608 3087 711 3153 laudo
733 3091 807 3167 iter,
829 3104 885 3154 aut
907 3103 1016 3154 actum
1034 3112 1112 3155 coo·

131 3180 290 3255 stituero,
322 3177 368 3237 ita
392 3174 471 3237 licet
498 3175 585 3237 bane
608 3177 801 3240 seruitutem
821 3178 1042 3255 constituere,
1076 3187 1113 3241 ut

130 3264 218 3331 alios
241 3262 388 3344 accipiat
410 3257 553 3344 aliquam
575 3275 707 3345 partem
726 3261 907 3339 fructuum,
939 3266 968 3327 si
1002 3275 1110 3327 tamon

130 3349 255 3417 fundus
279 3349 309 3411 id
333 3367 417 3409 onus
439 3348 605 3412 sustinere
626 3350 745 3429 possit,
769 3361 801 3412 et
821 3360 974 3413 servetur
996 3349 1026 3412 iu
1045 3369 1111 3413 em·

14 3436 18 3443 ’
130 3438 246 3523 ptione
279 3433 455 3496 mediocris
489 3431 686 3518 aequalitas.
730 3434 782 3498 Ae
815 3431 900 3498 tales
928 3434 1111 3519 emptiones

130 3542 198 3588 non
223 3520 305 3582 lium
326 3519 466 3583 vitiosae
487 3531 587 3603 pacto
617 3519 864 3603 redemptionis.
909 3518 991 3585 Cum
1012 3522 1112 3606 igitur

129 3616 262 3675 maneat
286 3617 403 3669 natura
424 3607 611 3688 emptionis,
632 3606 758 3669 etiamsi
781 3605 848 3671 tale
865 3618 996 3690 partum
1014 3627 1112 3672 acee-

130 3694 192 3771 dit,
221 3689 299 3755 licet
323 3710 449 3767 emere,
483 3693 628 3757 retulere
658 3703 690 3756 ct
714 3694 888 3777 possidere
909 3691 1033 3759 landos
1055 3703 1112 3758 am

56 3846 63 3853 ,
95 3802 114 3821 ’-
130 3780 258 3846 reditus
281 3790 477 3862 compacto
500 3780 542 3841 de
564 3780 786 3845 revendendo.

491 4097 554 4164 DE
576 4096 750 4165 USURlS.

336 4260 505 4344 Licetne
536 4289 677 4345 usuras
699 4259 905 4372 accipere?

216 4543 292 4611 Non
312 4540 402 4622 licet,
426 4542 511 4617 Quia
533 4542 689 4610 Christus
711 4545 831 4631 inquit=
854 4543 1004 4610 Mutuum
1022 4546 1110 4626 date,

131 4645 166 4705 et
185 4627 266 4699 nibil
289 4629 367 4694 inde
388 4643 572 4714 sperantes.
617 4628 660 4695 Et
681 4630 751 4696 Lex
773 4630 926 4714 probibet
947 4630 1112 4699 Deutero-

131 4740 220 4793 nom.
253 4714 308 4780 23.
352 4714 462 4781 Fratri
492 4729 550 4782 tno
580 4719 710 4803 absque
742 4738 845 4783 usura
876 4719 1043 4785 mutuabis
1077 4719 1110 4785 id

133 4805 223 4960 qqotl
249 4800 630 4954 indigetfflqdl’tsalnlrgp
655 4805 713 4953 llll.
744 4802 1008 4957 11(ὶιιιὶὃιιιοὸιιιιὶιιε
1029 4825 1111 4871 suas

133 4908 419 5060 {aulalqullaldo
442 4910 481 5037 ln
505 4902 1111 5064 ln'eumonlela'otsetmuddlallddll

11 5096 18 5109 ·
134 5084 236 5157 „pra
255 5070 381 5126 sortem
403 5060 501 5127 uobis
522 5074 660 5147 propter
681 5064 788 5148 ipsam
808 5063 1111 5133 mutuationomde·

1169 525 1280 601 debet,
1302 534 1336 587 et
1356 535 1466 587 tauron
1484 520 1626 670 amplius
1649 525 1793 609 exigitur
1810 521 2034 608 protrudere.
2056 524 2151 611 Ergo
2252 585 2260 596 ‚

1168 629 1237 674 noo
1259 622 1413 673 servatur
1433 628 1540 692 aequa
1556 610 1631 673 itas.
1675 608 1719 673 Et
1740 608 1826 675 haee
1854 630 1958 675 causa
1985 622 2057 688 est,
2090 632 2151 677 our

1169 715 1291 760 usurae
1313 695 1509 759 exhauriant
1531 695 1695 769 civitates,
1718 697 1794 780 quia
1817 693 2047 761 foeneratores
2058 695 2150 762 aufe·
2172 734 2175 739 ·
2225 692 2232 703 ¹

1169 792 1246 845 rum
1263 778 1447 864 plurimum,
1470 801 1531 863 pro
1554 786 1620 865 (juo
1643 779 1725 845 nibil
1742 782 1860 864 recipit
1876 780 2028 847 son-ens.
2073 783 2151 847 Non

1169 878 1280 949 potest
1301 867 1401 952 igitar
1423 865 1500 930 talis
1523 867 1777 933 communicatio
1799 887 1876 932 esse
1886 879 2061 953 perpetua,
2074 890 2176 935 οιιιιι.

1169 973 1235 1016 nou
1258 953 1302 1016 sit
1322 964 1436 1018 nrutua
1458 955 1694 1037 compensatio.

1168 1281 1293 1364 Estne
1337 1311 1467 1385 usura,
1512 1282 1684 1365 Reditus
1729 1285 1882 1366 habere
1915 1294 2076 1393 emptos
2105 1283 2149 1368 in

1168 1436 1302 1546 aliquo
1333 1449 1444 1519 certo
1474 1433 1603 1519 fundo
1633 1436 1918 1547 fructificante,
1949 1448 2147 1549 utsupra

1515 1590 1669 1672 dictum
1707 1590 1798 1672 est?

1231 1888 1451 1974 Respondeo:
1474 1891 1550 1955 Non
1570 1901 1622 1954 est
1643 1910 1756 1968 usura,
1779 1892 1856 1977 quia
1878 1888 1935 1955 ille
1953 1902 2147 1957 contractus

1167 1996 1235 2040 non
1265 1988 1316 2039 est
1350 1979 1524 2052 romantio,
1554 1976 1613 2040 sed
1646 1998 1728 2042 vera
1757 1979 1891 2060 emptio.
1936 1975 2149 2043 Concurrunt

1167 2063 1254 2126 onim
1276 2064 1319 2125 ibi
1342 2059 1573 2127 substantialia
1595 2064 1785 2146 emptionis,
1815 2084 1925 2140 ntem,
1953 2064 2093 2145 pretium
2115 2074 2149 2128 et

1168 2167 1366 2212 consensus.
1411 2147 1507 2212 lilerx
1542 2162 1593 2210 est
1616 2150 1666 2212 ius
1689 2170 1751 2213 scu
1774 2151 1917 2213 semitas
1938 2150 1972 2212 in
1996 2147 2053 2212 illo
2076 2145 2148 2214 sun·

1168 2233 1211 2294 do
1234 2229 1465 2298 fructificante.
1509 2234 1621 2318 Atque
1643 2231 1720 2296 binc
1743 2233 1841 2299 facile
1863 2246 1976 2319 potest
1996 2235 2146 2311 iudicari,

1167 2318 1302 2401 qnando
1320 2319 1365 2381 sit
1386 2338 1466 2383 vera
1489 2320 1622 2402 emptio,
1642 2318 1784 2399 scilicet,
1808 2342 1882 2384 cunr
1904 2323 2022 2385 subest
2043 2321 2145 2384 merci

1165 2401 1299 2488 aliquod
1323 2421 1459 2486 corpus,
1476 2425 1542 2489 quo
1566 2425 1707 2489 corpore
1730 2418 1904 2491 pereunte,
1925 2409 2051 2471 reditus
2074 2426 2146 2509 per·

1166 2488 1240 2557 iret.
1275 2493 1350 2553 item
1373 2493 1405 2552 in
1424 2490 1627 2556 mutuatione
1651 2493 1679 2554 is
1702 2495 1756 2576 qui
1781 2493 1869 2556 dedit
1886 2504 2009 2568 trrutuo,
2028 2501 2147 2557 rotaret

1165 2576 1217 2637 ius
1240 2578 1439 2659 repetendae
1467 2578 1580 2641 sortis.
1625 2578 1689 2644 Sed
1723 2580 1753 2642 is
1776 2579 1830 2664 qui
1853 2580 1929 2642 coiit
1951 2579 2088 2642 reditum
2112 2580 2147 2641 in

1164 2658 1282 2725 alienis
1316 2664 1425 2741 bonis,
1455 2684 1520 2726 non
1550 2660 1651 2727 habet
1680 2666 1732 2729 ius
1757 2665 1956 2749 repetendae
1972 2665 2144 2750 pecuniae.
2223 2719 2227 2726 .

1164 2746 1255 2835 Ergo
1278 2745 1335 2812 ille
1354 2761 1546 2814 contractus
1568 2770 1636 2814 non
1659 2762 1711 2815 est
1732 2753 1901 2815 mutuatio.

1397 3077 1464 3160 De
1495 3108 1545 3161 eo
1577 3081 1689 3190 quod
1719 3081 1895 3164 interest

1192 3231 1317 3315 Estne
1347 3261 1479 3337 usuro,
1510 3235 1668 3317 solvere
1699 3234 1743 3317 id
1774 3235 1885 3345 quod
1916 3232 2113 3317 interest?

1249 3430 1468 3516 Respoodeo:
1503 3433 1539 3497 ld
1573 3434 1663 3518 quod
1697 3434 1846 3510 interest,
1878 3434 2012 3499 omnino
2035 3431 2146 3497 diliert

1161 3519 1205 3582 ab
1227 3520 1351 3583 usuris.
1380 3518 1463 3582 Nam
1487 3519 1520 3582 id
1542 3520 1630 3605 qood
1649 3521 1798 3597 interest,
1820 3520 1959 3583 debetur
1981 3520 2079 3583 etiam
2100 3518 2146 3581 si·

1162 3624 1204 3667 ne
1216 3617 1326 3687 pacto,
1344 3617 1377 3668 et
1388 3616 1467 3669 tuno
1479 3606 1577 3670 babet
1591 3600 1713 3683 locum,
1730 3625 1804 3669 cum
1816 3605 1937 3690 aliquis
1950 3603 2046 3670 alteri
2058 3605 2148 3669 dedit

1163 3686 1336 3755 efficacem
1358 3709 1493 3755 causant
1516 3691 1646 3768 domni,
1676 3692 1763 3755 atsi
1786 3692 1861 3776 quis
1882 3691 2089 3775 promisisset
2107 3710 2146 3755 so

1033 3790 1048 3803 ·
1162 3774 1348 3841 soluturum
1366 3795 1443 3840 esse
1460 3777 1504 3842 ad
1526 3772 1695 3840 Galerrdas
1721 3776 1815 3854 atati,
1849 3788 1884 3841 et
1905 3775 1963 3841 illo
1986 3797 2053 3840 non
2077 3774 2145 3840 sol·

1162 3874 1262 3927 vente
1284 3882 1349 3947 ego
1371 3863 1492 3927 damno
1511 3859 1623 3947 aliquo
1645 3861 1783 3926 allectus
1818 3882 1947 3940 essem,
1981 3865 2024 3926 ob
2056 3859 2150 3929 bano.

1161 3949 1268 4033 ipsum
1303 3967 1450 4024 eausam.
1479 3949 1557 4034 quia
1588 3944 1647 4011 illa
1678 3949 1819 4031 pecunia
1848 3949 2052 4025 caruissem,
2075 3944 2144 4027 ilia,

1162 4035 1241 4119 quia
1262 4034 1352 4099 dedit
1373 4030 1547 4101 efficacem
1570 4053 1706 4099 causam
1729 4034 1851 4112 damni,
1879 4035 1980 4099 debet
2010 4028 2147 4099 solvere

1162 4120 1195 4182 id
1217 4121 1307 4204 quod
1331 4122 1479 4186 interest.
1523 4123 1611 4186 laste
1634 4130 1687 4183 est
1707 4120 1807 4205 igitur
1828 4122 1925 4199 ratio,
1947 4131 1981 4183 et
2004 4139 2146 4185 consen·

1163 4215 1264 4271 tanea
1286 4217 1433 4283 naturae,
1457 4227 1518 4273 cur
1538 4202 1736 4270 solvendam
1759 4207 1803 4270 sit
1824 4207 1858 4270 id
1881 4206 1969 4292 quod
1993 4207 2145 4285 interest,

1163 4293 1241 4376 quia
1263 4312 1362 4357 neruo
1384 4293 1484 4357 debet
1501 4288 1589 4356 velle
1607 4288 1804 4374 locupletari
1822 4312 1896 4356 cum
1919 4292 2040 4357 damno
2062 4288 2145 4356 alta·

1163 4378 1245 4443 rius.
1289 4376 1364 4443 lloe
1385 4376 1570 4463 exemplum
1592 4373 1634 4440 ali
1662 4397 1704 4441 uo
1727 4378 1825 4443 modo
1838 4379 1972 4456 indicat,
1994 4378 2145 4463 quidno-

1162 4475 1257 4527 cetur
1288 4464 1464 4541 interesse,
1498 4476 1531 4528 et
1563 4465 1619 4529 ubi
1637 4398 1761 4528 locum
1784 4461 1915 4528 haheat
1959 4463 2036 4528 Non
2058 4464 2146 4529 euim

1163 4550 1262 4615 debet
1283 4550 1432 4634 praetexi
1449 4549 1622 4634 rapacitati
1645 4543 1911 4629 foeneratorum,
1944 4551 2001 4634 qui
2019 4560 2144 4615 mutua·

1161 4635 1284 4700 tionem
1306 4646 1432 4699 tamum
1454 4635 1487 4699 io
1510 4644 1684 4719 quamtum
1711 4630 1898 4712 conferam,
1930 4656 1994 4701 neo
2028 4645 2145 4718 petam

1161 4720 1195 4785 id
1218 4721 1307 4804 quod
1328 4721 1477 4798 interest,
1500 4723 1578 4807 quia
1595 4732 1707 4786 mutuo
1734 4722 1901 4805 accipiens
1924 4721 2051 4785 dederit
2071 4716 2145 4787 elli·

1162 4826 1277 4872 cacam
1300 4827 1434 4872 causam
1446 4808 1568 4887 damni,
1590 4807 1652 4872 sed
1668 4804 1862 4893 simpliciter
1873 4819 1987 4893 petum
2002 4804 2142 4877 lucrum

1162 4890 1247 4958 Cum
1269 4904 1379 4958 amero
1408 4914 1531 4980 magna
1562 4894 1607 4959 sit
1628 4893 1775 4960 varietas
1796 4906 2044 4971 contractuum,
2065 4914 2144 4977 pru·

1162 4977 1273 5044 ‹lemia
1295 4975 1483 5045 adhibenda
1500 4991 1554 5045 est
1575 4980 1607 5043 io
1630 4978 1816 5060 iudicando,
1837 5000 1903 5045 nee
1923 4992 2048 5045 temere
2065 4998 2143 5063 pro·

1160 5064 1377 5133 nuntiandam
1397 5077 1467 5148 est,
1496 5077 1532 5134 at
1556 5086 1633 5134 aum
1656 5077 1850 5133 wotraotus
1871 5067 1939 5133 siat
1954 5086 2012 5133 res
2031 5064 2143 5151 politi·
2191 5120 2195 5125 .
