4628 5588
55 246 59 253 ¹
151 164 217 232 tut
787 162 901 230 enm.
923 162 1028 230 oran
1046 158 1235 233 scotera
1252 158 1534 230 maranes
2026 198 2029 203 ,
2101 137 2170 228 ata

152 351 299 444 gladium
331 354 511 439 acceperit,
546 351 661 443 gladio
692 355 823 441 peribit
890 353 984 433 ltem,
1019 353 1157 419 Omnis,
1184 353 1219 417 ln
1241 349 1318 418 aliis
1338 353 1497 431 minores,
1519 351 1597 438 quia
1625 369 1773 416 summos
1801 370 1899 416 nemo
1926 347 2019 416 serre
2044 361 2168 439 potest,

50 455 58 463 “
103 492 105 497 .
152 443 263 509 anima
306 462 370 506 uae
392 438 508 506 iecerit
525 440 588 506 has
610 442 888 520 abominationes,
910 449 1083 507 evometur
1094 461 1136 505 ex
1186 441 1272 505 sicut
1292 439 1326 503 in
1349 435 1473 504 Psalm·
1497 438 1635 504 dicitur:
1668 437 1744 502 Non
1773 437 1926 503 accendit
1947 436 2042 503 Deus
2064 449 2172 505 totum

151 539 253 594 terra.
284 463 399 610 (hem,
430 526 504 592 Vae
538 529 594 614 qui
627 525 771 612 spolias,
811 528 889 612 quia
923 524 1134 613 spoliaberis.
1185 526 1269 590 irum
1291 545 1397 590 suam.
1440 523 1484 588 Et
1505 525 1539 590 ln
1562 524 1672 588 Oscae
1694 523 1769 589 Non
1785 521 1906 589 faciam
1928 520 2075 590 furorem
2097 525 2169 590 irae

151 613 237 683 Hinc
260 613 379 720 regula
401 625 470 678 est:
493 613 633 679 Atrocie
652 609 773 679 delicta
790 613 989 678 comitantur
999 624 1136 679 atroces
1185 632 1291 692 meae,
1324 612 1401 698 quia
1422 608 1518 675 Deus
1540 630 1604 697 ego
1627 628 1720 675 sumt
1752 622 1863 676 tamen
1885 629 2002 675 omnes
2026 628 2168 676 convor-

150 721 281 789 poenae
302 720 336 766 in
357 698 423 765 hac
444 701 541 766 vita,
1190 699 1279 765 tendi
1312 699 1355 762 ad
1377 695 1485 762 Deum
1507 692 1618 783 aliqua
1650 696 1741 760 initia
1773 695 1885 762 talium
1909 709 2073 761 terrorum
2090 715 2169 762 seu·

1185 784 1280 864 tiunt,
1302 796 1339 849 ut
1361 780 1497 849 Psalmo
1514 782 1568 847 50.
1591 783 1725 847 dicitur:
1747 779 1843 848 Deos
1855 794 1971 848 noster
1990 780 2169 848 manifeste

238 870 351 937 'l'ertia
375 889 479 936 causa
501 881 573 951 est,
586 881 631 939 ut
651 868 726 937 aliis
746 890 814 956 pax
837 871 892 950 sit,
917 869 1005 944 Quia
1025 870 1134 935 nasci·
1185 870 1308 949 veniet,
1330 882 1364 934 et
1383 889 1452 935 non
1474 866 1586 935 silebit
1606 869 1694 957 ignis
1715 869 1751 933 iu
1773 879 1957 955 conspeetu
1978 869 2062 934 eius.

150 980 224 1026 mur
246 960 289 1025 ad
310 957 489 1037 fovendam
512 959 720 1037 societatem,
741 976 809 1022 nou
831 957 874 1022 ad
896 954 1055 1022 infinitam
1078 956 1135 1021 de·

149 1041 307 1112 lationem
330 1045 464 1131 generis
485 1043 633 1112 humani.
1270 1039 1314 1105 Et
1328 1069 1331 1075 ¹
1346 1060 1427 1106 vere
1458 1040 1616 1107 irascitur
1646 1039 1741 1106 Deus
1765 1037 1895 1106 carnali
1913 1039 2097 1120 securitati,
2130 1051 2169 1106 ut

1184 1125 1311 1194 Paulus
1339 1129 1381 1192 ad
1410 1125 1578 1212 Ephesios
1611 1127 1745 1193 damnat
1778 1147 1850 1207 eos,
1883 1126 2060 1213 inquibus
2081 1124 2170 1194 nulli

238 1215 375 1297 Quarta,
397 1227 434 1282 ut
461 1226 599 1282 externa
620 1213 783 1281 modestia
805 1215 849 1278 sit
869 1213 1079 1300 paedagogia
1100 1214 1135 1277 in
1184 1224 1263 1279 sunt
1285 1212 1433 1293 dolores,
1455 1233 1540 1300 quos
1562 1214 1709 1280 nominat
1729 1212 1943 1297 ἀπηλγηκότες,
1966 1213 1998 1279 id
2025 1223 2089 1294 est,
2110 1213 2169 1300 qui

151 1300 339 1382 Christum,
360 1314 396 1368 ut
419 1303 534 1369 doceri
557 1303 725 1387 possimus
754 1321 816 1365 nos
840 1297 970 1376 etalii,
998 1310 1031 1364 et
1059 1320 1135 1383 per·
1185 1297 1416 1372 dedolueront,
1448 1302 1492 1366 hie
1524 1301 1563 1367 ho
1584 1300 1767 1383 tetltbtttttt
1788 1303 1889 1382 bobeta,
1920 1301 1965 1366 bie
1988 1301 2077 1386 nldpte
2100 1301 2168 1366 tae

150 1400 347 1456 serenantes
368 1389 403 1453 in
427 1386 613 1454 sceleribus
637 1399 754 1454 contra
781 1386 1037 1465 conscientiam,
1065 1406 1133 1450 non
1184 1389 1252 1471 aad)
1275 1387 1388 1472 frugem
1417 1384 1495 1451 ldeo
1519 1407 1593 1452 oum
1615 1386 1658 1453 de
1679 1387 1877 1451 contritione
1894 1386 1927 1450 in
1950 1387 2102 1454 doctrina
2125 1388 2169 1452 de

150 1487 231 1542 sunt
252 1473 452 1540 sanctificati
474 1468 501 1540 a'
517 1473 650 1540 Christo
672 1495 734 1558 per
762 1493 880 1539 vocem
903 1469 1077 1558 Evangelii
1100 1481 1134 1536 et
1181 1472 1386 1559 poenitentia
1418 1473 1550 1551 dicitur,
1582 1471 1618 1537 hi
1640 1485 1787 1538 terrores
1815 1469 2053 1561 intelligantur,
2086 1493 2169 1558 quo·

150 1562 306 1646 Spiritum
327 1572 490 1626 sanctum.
535 1561 613 1626 ldeo
636 1561 771 1626 dicitur:
794 1564 1017 1637 scortatores,
1039 1555 1133 1624 adul·
1183 1581 1257 1625 rum
1278 1559 1369 1624 initia
1389 1559 1423 1623 in
1445 1579 1527 1624 vera
1547 1559 1750 1643 poenitentia
1771 1559 1933 1624 discenda
1950 1569 2038 1624 sunt

150 1649 226 1727 teri,
247 1646 432 1713 homicidae
452 1668 520 1713 non
543 1648 764 1735 possidebunt
785 1666 924 1733 regnum
935 1643 1011 1711 Dei.
1041 1643 1132 1710 Usus
2187 1702 2192 1709 .

150 1745 204 1800 est
236 1744 346 1798 autem
369 1731 494 1799 Paulus
527 1730 751 1819 appellatione
778 1754 846 1798 non
869 1729 1026 1810 terribili,
1040 1733 1133 1816 'quia
1269 1729 1343 1795 Etsi
1376 1742 1485 1796 autem
1507 1742 1560 1795 est
1586 1728 1701 1816 aliqua
1721 1730 1838 1796 notitia
1860 1730 1961 1817 Legis
1983 1730 2115 1797 divinae
2132 1731 2167 1797 iu

148 1820 368 1907 paedagogus
391 1841 457 1885 non
480 1831 607 1886 tantum
631 1822 789 1903 castigat,
818 1820 880 1883 sed
902 1819 1000 1883 etiam
1022 1819 1132 1896 docet,
1183 1827 1254 1882 toto
1288 1837 1412 1905 genere
1447 1815 1604 1896 humano,
1636 1835 1722 1902 quae
1742 1818 1918 1883 nobiseum
1936 1816 2098 1883 ilascitur:
2117 1827 2167 1883 ta·

148 1917 184 1972 et
202 1907 361 1970 ordinatis
384 1908 553 1973 exercitiis
582 1906 776 1972 assuefecit.
820 1904 869 1970 lta
897 1925 981 1970 usus
1010 1905 1132 1988 paeda·
1182 1924 1259 1969 men
1291 1900 1389 1969 simul
1422 1923 1543 1989 magna
1565 1899 1675 1988 caligo
1698 1913 1761 1982 est,
1794 1916 1828 1969 et
1849 1904 1934 1968 ratio
1955 1903 2168 1991 imaginatur,

173 1994 290 2078 ogicus
309 1991 411 2082 LegIs
433 1994 477 2058 ad
498 1991 564 2058 hoc
585 1995 704 2076 prosit,
728 1992 958 2057 utdoceantur
979 1991 1132 2056 rudiores
1182 1987 1379 2056 satisfacere
1399 1987 1551 2056 homines
1562 1990 1646 2078 Legi
1668 1989 1801 2054 divinae
1817 2003 1956 2055 externa
1978 1986 2166 2074 disciplina.

86 2127 89 2131 -
148 2012 192 2145 se
212 2077 302 2158 Deo,
339 2091 372 2143 et
394 2079 437 2144 de
454 2080 650 2159 virtutibus,
682 2098 751 2143 non
772 2089 809 2142 ut
831 2076 1044 2144 confirmetur
1066 2075 1133 2163 Gy·
1182 2077 1261 2142 ldeo
1291 2075 1386 2141 Deus
1420 2095 1555 2162 semper
1587 2079 1620 2142 in
1648 2095 1730 2141 vera
1750 2074 1904 2142 Ecclesia
1924 2078 2079 2162 repetivit
2100 2075 2169 2142 Le·

149 2162 204 2231 clo
228 2166 281 2229 ica
303 2176 337 2228 et
359 2163 461 2231 effera
482 2166 667 2230 barbaries.
711 2163 808 2229 Hunc
837 2185 945 2238 usum⁸
961 2162 1132 2249 politicum
1183 2184 1272 2251 gem,
1308 2175 1343 2226 et
1375 2162 1488 2227 docuit
1520 2180 1594 2228 eam
1616 2182 1695 2229 esse
1721 2162 1877 2229 iudicium
1900 2182 2067 2244 accusans
2088 2182 2168 2249 pec·

147 2186 238 2316 rath
262 2252 362 2315 etiam
383 2252 416 2315 in
438 2272 507 2320 non
530 2252 654 2316 renatis
676 2262 845 2335 utcunque
866 2246 1033 2336 intelligit,
1067 2247 1132 2312 etsi
1184 2258 1260 2314 cata
1283 2261 1421 2313 esterna
1443 2260 1477 2314 et
1498 2249 1676 2328 interiora,
1708 2251 1866 2314 tenebras
1885 2259 1919 2314 et
1940 2246 2167 2314 dubitationes

147 2332 238 2401 hunc
256 2358 390 2423 quoque
406 2358 468 2422 per
490 2333 666 2423 caliginem
687 2337 818 2420 aspicit,
841 2348 874 2402 ει
885 2335 975 2401 addit
986 2353 1132 2415 errores,
1183 2336 1224 2400 de
1247 2333 1322 2399 Deo
1355 2335 1389 2399 in
1422 2346 1543 2415 mente,
1567 2348 1600 2401 ει
1620 2334 1817 2420 pravitatem
1840 2335 1971 2413 cordis,
2001 2336 2091 2419 quod
2114 2347 2170 2400 est

147 2420 243 2509 lingit
264 2441 341 2488 esse
364 2425 481 2489 merita
502 2423 707 2488 remissionis
730 2435 958 2507 peccatorum,
980 2440 1058 2486 esse
1074 2424 1132 2484 im·
1181 2423 1216 2486 in
1237 2418 1303 2486 hac
1326 2430 1483 2505 corrupta
1504 2431 1623 2486 natura
1643 2431 1722 2485 ante
1756 2423 2009 2488 conversionem
2032 2421 2104 2487 sine
2127 2422 2168 2486 ti·
2196 2442 2202 2448 ·

133 2505 328 2596 ,pletionem
348 2505 450 2596 Legis
479 2520 512 2574 et
538 2509 695 2574 iustitiam
724 2530 837 2574 coram
865 2506 952 2574 Deo.
997 2506 1051 2574 De
1078 2505 1132 2571 his
1182 2527 1277 2573 more
1309 2506 1386 2586 Dei,
1419 2507 1493 2571 sina
1525 2506 1648 2573 fiducia
1679 2518 1714 2571 et
1732 2508 1805 2572 sine
1828 2504 2012 2578 dilectione
2028 2505 2104 2587 Dei,
2134 2518 2170 2574 et

148 2596 320 2661 erroribus
342 2606 461 2682 postea
483 2595 632 2661 dicemus
650 2595 684 2660 in
705 2595 855 2661 secundo
877 2614 951 2662 usu.
1182 2595 1278 2660 ardet
1299 2591 1471 2659 affectibus
1494 2594 1721 2681 pugnantibus
1736 2614 1819 2658 cum
1832 2593 1925 2682 Lege
1945 2592 2022 2672 llei,
2045 2604 2079 2660 et
2098 2590 2169 2660 irc·

1182 2680 1239 2746 mit
1272 2681 1437 2746 adversus
1468 2678 1598 2761 Deum,
1631 2679 1718 2745 sicut
1750 2678 1909 2746 ieremiae
1943 2680 1994 2744 17.
2029 2680 2168 2746 dicitur:

236 2765 415 2834 Secundus
441 2786 524 2833 usus
546 2765 649 2854 Legis
679 2768 811 2833 divinae
842 2767 877 2831 in
903 2765 1024 2832 iudicio
1053 2784 1132 2831 con·
1182 2764 1382 2832 Perversum
1405 2777 1458 2831 est
1476 2787 1535 2831 cor
1556 2764 1698 2831 hominis
1720 2776 1754 2833 et
1776 2786 2019 2832 aerumnosum.
2084 2766 2168 2832 Per-

149 2852 322 2934 scientiae,
343 2855 377 2920 in
400 2874 466 2938 quo
490 2874 566 2919 cum
587 2874 672 2920 voce
693 2853 795 2940 Legis
818 2862 1033 2932 accusantur,
1054 2871 1132 2916 sen·
1182 2853 1326 2918 versitas
1349 2852 1516 2939 significat
1538 2849 1671 2938 culpam
1700 2873 1761 2918 seu
1784 2855 2026 2919 contumaciam
2049 2862 2170 2918 contra

147 2957 208 3006 sus
230 2941 301 3006 irae
311 2939 375 3006 Dei
397 2941 561 3006 adversus
582 2952 756 3024 peccatum
777 2959 878 3005 veros
901 2951 935 3004 et
952 2936 1131 3005 horribiles
1181 2937 1319 3024 Legem.
1383 2939 1629 3004 Aerumnosum
1661 2937 1826 3026 significat
1853 2941 2006 3025 ingentes
2029 2935 2169 3004 dolores

148 3023 285 3091 dolores
319 3027 426 3094 affert.
470 3023 525 3090 De
558 3023 624 3090 hoc
653 3046 718 3092 usu
747 3028 965 3091 concionatur
992 3020 1132 3106 Paulus,
1181 3027 1215 3089 in
1237 3023 1319 3112 suga
1340 3036 1374 3089 et
1394 3021 1527 3092 fremitu
1548 3026 1712 3092 adversus
1735 3024 1854 3105 Deum,
1873 3027 1930 3113 qui
1952 3037 2031 3092 sunt
2047 3021 2170 3112 culpae
2219 3070 2222 3076 -

148 3130 224 3177 cum
250 3113 372 3198 inquit:
404 3111 476 3175 Lex
508 3112 590 3175 iram
623 3109 737 3176 elficit.
781 3109 825 3175 Et
856 3111 900 3178 ad
928 3107 1131 3189 Corinthios,
1183 3122 1377 3196 etpoenae.
1516 3110 1522 3124 '

147 3195 299 3264 Aculeus
321 3199 437 3261 mortis
460 3207 635 3279 peccatum
653 3208 717 3276 est,
739 3198 886 3280 potentia
907 3197 1036 3281 peccati
1059 3196 1130 3260 Lex

148 3293 210 3349 cst.
254 3282 351 3347 Rom.
368 3284 399 3351 7.
432 3280 611 3349 Peccatum
639 3284 851 3351 occasionem
881 3282 1049 3367 accipiens
1072 3302 1131 3366 per
1266 3280 1312 3346 Ut
1344 3282 1445 3370 igitur
1489 3293 1606 3349 eccate
1627 3282 1785 3347 interiora
1816 3295 1849 3349 et
1872 3283 2039 3349 exteriora
2060 3303 2167 3370 agno-

148 3367 276 3455 Logem
299 3369 432 3434 occidit.
475 3367 537 3432 Est
560 3371 645 3434 enim
664 3368 736 3436 Lex
758 3379 840 3453 post·
858 3381 1031 3452 peccatum
1052 3366 1131 3432 hor·
1182 3379 1330 3448 scantur,
1363 3367 1434 3434 vult
1493 3390 1554 3435 eus
1570 3369 1603 3434 in
1631 3366 1787 3435 Ecclesia
1808 3390 1870 3435 sua
1891 3371 2005 3435 doceri
2026 3368 2167 3458 Legem,

110 3536 112 3540 Α
148 3453 246 3521 ribile
268 3452 333 3519 Dei
367 3455 538 3534 iudicium,
570 3476 741 3529 accusans
769 3466 801 3521 et
823 3456 984 3521 damnans
1013 3473 1129 3520 omnes
1182 3455 1270 3520 sicut
1302 3453 1427 3520 Paullus
1460 3456 1494 3520 in
1519 3457 1581 3520 uit:
1615 3454 1680 3519 Per
1702 3454 1828 3544 Legem
1851 3457 1997 3542 cognitio
2019 3459 2164 3542 peccati.

147 3561 239 3620 reos,
262 3562 401 3626 quorum
422 3538 477 3606 alii
500 3539 566 3606 alio
589 3552 739 3628 tempore
760 3544 906 3607 sentiunt
926 3539 1026 3606 huius
1048 3541 1130 3607 iudi·
1181 3541 1224 3606 Et
1252 3562 1439 3628 quanquam
1474 3477 1628 3608 Christus
1663 3563 1730 3606 non
1753 3542 1806 3607 est
1827 3538 1961 3622 missus,
1983 3553 2019 3607 ut
2036 3545 2080 3608 sit
2100 3542 2166 3609 Le·

148 3628 190 3694 cli
220 3628 483 3712 exequutionem.
533 3625 577 3693 Et
604 3648 793 3714 quanquam
819 3625 913 3694 multi
941 3628 1131 3705 damnandi,
1182 3624 1323 3714 gislator
1343 3649 1453 3694 novae
1475 3627 1615 3694 alicuius
1637 3627 1751 3713 Legis,
1774 3627 2166 3714 sedutproleratEvan-

147 3725 185 3781 ut
205 3713 309 3792 Nero,
332 3714 448 3779 vivunt
469 3714 599 3795 securi,
623 3725 655 3780 et
675 3713 801 3780 habent
823 3715 971 3779 eervices
990 3711 1135 3793 ferreas,
1206 3711 1303 3779 elium
1333 3735 1374 3778 ex
1408 3715 1483 3781 sinu
1516 3715 1643 3780 aeterni
1714 3717 1785 3794 tris,
1807 3727 1841 3781 et
1863 3717 1907 3781 sit
1927 3714 2110 3782 Redemtor
2129 3728 2168 3781 at

146 3796 278 3865 frontes
300 3819 442 3884 aeneas,
476 3802 579 3866 corda
600 3801 826 3866 adamantina:
859 3812 969 3866 tamen
997 3803 1131 3866 tandem
1182 3736 1357 3865 halvator:
1381 3812 1490 3865 tamen
1514 3821 1588 3866 cum
1611 3800 1654 3863 do
1710 3812 1781 3878 ,ut
1802 3801 1952 3868 minister
1963 3803 2082 3887 repetit
2104 3822 2167 3867 vo·

147 3883 201 3952 his
223 3885 409 3952 terroribus
431 3889 670 3972 opprimuntur.
1182 3905 1254 3951 cem
1277 3886 1381 3973 Legis
1402 3884 1557 3966 Moralls,
1582 3897 1615 3951 et
1637 3907 1712 3951 eam
1735 3885 1903 3968 declarat,
1938 3888 2090 3955 emendat
2112 3908 2166 3954 er·

175 3998 178 4004 ·
1180 3992 1292 4038 rorem
1324 3971 1592 4052 Pharisaeorum,
1622 3974 1678 4058 qui
1699 3970 1825 4062 Legem
1843 3985 1968 4040 tuntum
1990 3974 2033 4040 de
2054 3984 2166 4058 exter·

235 4055 304 4122 Alii
336 4076 418 4121 vero
452 4059 685 4138 convertendi,
715 4071 752 4126 ut
782 4055 912 4139 David,
939 4055 1132 4138 Munasses,
1181 4060 1234 4124 nis
1256 4060 1444 4126 actionibus
1466 4061 1779 4145 interpretabantur.

69 4166 72 4178 ¹
146 4141 325 4217 Ezechias,
347 4139 482 4216 Paulus,
505 4145 539 4208 in
561 4163 665 4209 sensu
687 4143 800 4211 talium
822 4155 986 4211 terrorum
999 4145 1131 4232 erigun-
2179 4196 2187 4205 .

110 4229 116 4237 ’
146 4243 202 4298 tur
236 4225 478 4310 consolatione,
510 4231 677 4297 intuentes
709 4232 962 4315 promissionem
991 4232 1131 4317 gratiae,
1271 4231 1328 4297 Sic
1350 4251 1483 4318 semper
1506 4233 1555 4296 ab
1570 4232 1661 4298 initio
1684 4232 1718 4296 in
1741 4228 1817 4296 sola
1848 4229 1913 4296 Dei
1935 4227 2089 4296 Ecclesia
2111 4250 2166 4296 re·

147 4319 326 4388 credentes
349 4314 546 4403 Evangelio,
574 4328 608 4383 et
640 4314 761 4383 fiducia
781 4315 975 4382 Mediatoris
997 4328 1130 4383 susten·
1180 4330 1274 4384 tenta
1295 4329 1348 4383 cst
1363 4320 1494 4404 integra
1512 4317 1597 4397 Lex,
1620 4329 1654 4384 ει
1675 4318 1816 4383 subinde
1827 4318 1981 4383 detersae
1992 4326 2070 4383 suut
2090 4336 2166 4383 sor·

146 4406 207 4472 tati
239 4403 460 4484 vivificantur,
492 4414 529 4469 ut
560 4398 686 4470 Paulus
717 4404 837 4490 inquit:
870 4402 1042 4470 iustificati
1062 4404 1130 4470 fide
1181 4406 1254 4486 des,
1276 4406 1396 4492 quihus
1419 4406 1600 4470 obscurata
1620 4403 1694 4470 luit.

145 4486 265 4580 pacem
286 4487 447 4556 habemus
465 4491 555 4576 apud
575 4488 697 4556 Deum.
1317 4531 1318 4534 =
1558 4554 1561 4558 .

1267 4574 1380 4651 Quare
1416 4572 1512 4641 furor
1526 4578 1531 4588 '
1544 4585 1599 4641 est
1630 4575 1840 4641 execrandus
1868 4574 2001 4642 dicere:
2035 4574 2166 4643 Vocem

234 4661 289 4728 De
320 4658 389 4730 hoc
420 4663 543 4730 iudicio
578 4672 611 4727 ει
635 4662 678 4728 de
699 4661 753 4727 his
775 4661 960 4728 terroribus
981 4656 1129 4747 loquitur
1165 4661 1282 4749 ‘Legis
1314 4657 1464 4742 Moralis,
1496 4662 1583 4727 sicut
1616 4681 1689 4727 cam
1722 4659 1888 4743 Christus,
1922 4661 1988 4727 Pro
2012 4660 2109 4729 hetae
2130 4673 2167 4730 ει

146 4746 325 4827 Ezechias,
358 4768 433 4815 cum
464 4748 586 4836 inquit:
617 4748 712 4816 Sicut
742 4745 1000 4823 Leocontrivit
1020 4750 1131 4815 omnia
1180 4745 1336 4834 Apostoli
1360 4747 1545 4828 declarant,
1562 4768 1630 4814 uon
1654 4750 1840 4816 docendam
1850 4768 1928 4814 esse
1949 4750 1984 4813 in
2024 4748 2165 4817 eclesia.

151 4852 234 4906 ossa
258 4855 345 4901 mea.
411 4834 454 4900 Et
485 4837 518 4901 in
551 4831 707 4902 Psalmo:
729 4834 806 4900 Non
828 4846 882 4900 est
903 4856 969 4922 pax
990 4835 1128 4902 ossibus
1180 4832 1323 4900 Constat
1356 4835 1704 4902 enim-necessariam
1737 4834 2019 4923 praedicationem
2047 4837 2165 4921 poeni·

147 4923 232 5013 meis
254 4944 275 4989 a
297 4933 482 5008 conspectu
502 4934 717 5009 peccatorum
738 4941 895 4989 meorum
1179 4922 1302 4986 tentiae
1334 4941 1429 5001 csse,
1463 4923 1497 4987 in
1520 4942 1586 5008 qua
1613 4932 1756 5007 peccate
1777 4922 1907 4988 ostendi
1931 4939 2075 4990 necesse
2097 4933 2165 5004 ast,

374 5027 384 5045 ·
1180 5006 1268 5073 sicut
1289 5007 1447 5074 leremiae
1464 5009 1571 5094 primo
1592 5008 1752 5094 scriptum
1773 5019 1844 5074 esta
1876 5005 1969 5075 Ecce
1990 5008 2066 5075 dedi
2087 5028 2165 5075 ver·

234 5091 309 5163 cot
340 5073 516 5161 autemiu
548 5091 623 5161 aliis
648 5093 684 5161 hl
702 5106 849 5164 terrores
869 5105 949 5162 sunt
968 5092 1137 5176 utalores,
1179 5094 1225 5163 ba
1240 5114 1333 5162 mea
1364 5094 1399 5161 iu
1419 5114 1481 5163 ore
1501 5104 1572 5175 tuo,
1604 5093 1761 5161 constitui
1792 5105 1828 5161 te
1848 5115 1951 5184 super
1973 5104 2104 5197 gantas,
2124 5106 2165 5162 ut
