4628 5588
173 184 281 278 ona·
681 248 692 267 ,
773 179 851 258 ¹v.
881 178 1149 285 mucsno
1170 151 1376 248 smraonr
1394 177 1557 249 meniu
2125 184 2193 254 aar

174 379 273 444 lenter
293 373 414 439 trahere
432 393 468 436 ac
490 371 673 454 detorquere
689 371 866 435 testimonia
881 369 1009 433 aliorum
1025 377 1090 433 toto
1109 369 1198 432 coelo
1220 372 1259 432 ah
1281 391 1320 433 eo
1342 390 1441 434 sensu
1462 371 1678 453 discrepantia,
1701 371 1761 433 aed
1783 326 1900 436 erutam
1921 391 1961 435 ex
1981 379 2046 436 tota
2062 375 2191 456 antiqui-

174 473 239 530 tate
261 482 370 544 magno
388 480 460 522 cura
481 467 513 523 et
529 460 634 522 studio
658 459 834 530 doctrinam,
857 463 1060 538 accurateque
1081 459 1263 540 pensitatam
1281 464 1373 539 atque
1391 458 1430 519 ad
1452 478 1585 519 nonnam
1604 466 1636 520 et
1660 458 1829 539 analogiam
1852 460 2005 527 doctrinae
2032 458 2190 543 Propheti·

173 544 715 700 ffilgisspquqqliiqaquqquppatam
736 543 854 626 colligit
875 549 907 607 et
928 543 1078 626 explanat,
1101 551 1134 607 et
1155 564 1234 625 quae
1254 543 1313 607 tuit
1341 544 1411 606 eins
1432 544 1600 607 moderatio
1630 565 1668 608 ac
1694 547 1811 630 pietas,
1843 565 1967 628 semper
1992 566 2051 609 sua
2075 549 2191 631 scripta

380 786 470 850 llanc
487 787 650 849 editionem
671 790 857 867 postremam
878 783 1021 867 princeps
1039 780 1251 845 Illustrissime
1286 789 1319 846 et
1339 781 1471 845 Domine
1501 781 1743 845 clementissime
1774 781 1812 845 T.
1835 784 2018 847 celsitudini
2048 785 2191 850 dedicare

174 873 270 946 volui,
294 873 383 936 cuius
406 872 528 935 consilii
547 872 659 935 multas
677 871 777 935 habeo
799 878 832 934 et
852 871 1051 954 gravissimas
1069 888 1199 932 causas:
1222 867 1357 932 Primum
1379 870 1461 951 qnod
1483 866 1569 939 clf.
1588 869 1729 953 amplecti
1752 871 1820 932 scio
1841 882 1873 933 et
1894 872 2027 954 profiteri
2049 878 2113 935 toto
2134 893 2191 954 pe·

177 968 259 1024 ctore
281 965 456 1022 constanter
477 958 616 1042 exemplo
628 961 732 1041 ‚patris
753 958 800 1021 tui
821 956 1058 1039 principisomni
1076 957 1218 1019 virtutum
1236 974 1358 1035 genere,
1380 957 1540 1037 prudentia
1556 964 1588 1019 et
1605 959 1719 1038 pietate
1736 959 2002 1039 praestantissimi,
2026 959 2191 1021 doctrinam

175 1055 345 1111 nostrarum
357 1044 577 1107 'Ecclesiamm
600 1044 848 1126 comprehensam
866 1045 896 1104 in
914 1063 953 1105 ea
970 1042 1167 1104 consessione
1185 1062 1264 1123 qnae
1282 1040 1418 1103 exhibite
1439 1051 1489 1105 est
1512 1039 1623 1105 Carolo
1642 1042 1683 1104 V.
1707 1040 1882 1125 Imperatori
1904 1046 1934 1104 in
1957 1040 2099 1107 Comitiis
2127 1047 2191 1107 Au·

177 1134 318 1215 gastonis
335 1134 404 1193 anni
420 1136 511 1195 1530.
555 1130 656 1205 Quam
677 1130 844 1193 cumidem
867 1137 955 1191 antor
976 1136 1049 1191 tunc
1071 1130 1239 1210 scripserit,
1262 1136 1295 1190 et
1311 1135 1421 1210 postea
1441 1137 1590 1211 perpetuo
1612 1128 1766 1191 doctrinae
1788 1150 1943 1192 consensu
1961 1151 2029 1192 cum
2051 1130 2191 1212 plurimis

174 1219 256 1291 aliis,
279 1227 343 1281 tom
364 1218 424 1279 hoc
446 1219 513 1299 ipso
536 1219 748 1279 commentario
772 1216 871 1279 fusius
894 1214 1051 1296 explicarit
1071 1235 1109 1277 ac
1128 1213 1274 1287 lucidius,
1296 1235 1356 1275 non
1379 1215 1483 1279 dubito
1507 1225 1538 1278 et
1559 1214 1641 1277 hunc
1652 1219 1894 1278 commentarium
1911 1217 1966 1279 tihi
1984 1220 2193 1296 gratissimum

175 1306 329 1375 iubarum,
363 1311 396 1365 et
415 1304 445 1365 io
468 1303 603 1365 lectione
632 1303 840 1365 consessionis
862 1303 1063 1381 Augustanos
1092 1307 1185 1381 atque
1214 1302 1244 1362 in
1272 1300 1480 1382 intelligendis
1509 1303 1631 1383 scriptis
1653 1300 1847 1383 Propheticis
1876 1309 1908 1363 et
1933 1302 2125 1384 Apostolicis
2153 1322 2192 1364 ac
2275 1326 2295 1359 ι.

176 1389 331 1473 symbolis
352 1388 512 1473 plurimum
530 1397 562 1451 te
585 1389 756 1452 adiuturum
780 1408 864 1451 esse.
925 1386 1049 1450 Deinde
1067 1393 1101 1450 ut
1122 1387 1177 1459 lilii
1201 1385 1353 1449 haeredes
1376 1388 1450 1450 liunt
1471 1390 1602 1449 nominis
1620 1390 1740 1470 paterni
1762 1389 1962 1451 othonorum
1985 1408 2064 1469 quae
2085 1396 2191 1470 patres

177 1476 378 1558 reliquerunt,
402 1477 450 1537 sic
473 1477 617 1537 existimo
639 1474 791 1537 haeredes
814 1494 871 1536 eos
893 1493 969 1535 esse
991 1474 1104 1536 debere
1126 1474 1342 1547 amicitiarum,
1366 1493 1443 1554 quas
1467 1474 1760 1555 patres'coluerunt.
1805 1473 1925 1537 Eximio
1953 1482 2055 1538 autern
2084 1475 2194 1538 dilexit

175 1570 262 1645 pater
283 1559 320 1624 C.
343 1568 416 1623 tuae
433 1567 465 1622 et
486 1560 581 1622 coluit
601 1563 741 1642 impense
763 1567 924 1641 utrumqne
945 1558 1113 1623 Lutherum
1136 1567 1169 1622 et
1189 1558 1374 1643 Philippum.
1417 1560 1573 1622 Honorum
1599 1569 1631 1623 et
1653 1582 1763 1623 nomen
1788 1567 1819 1622 et
1841 1563 1955 1642 scripta
1979 1564 2069 1644 cupio
2093 1558 2131 1623 G.
2154 1559 2192 1623 T.

176 1649 339 1709 notissima
357 1654 389 1708 et
412 1647 710 1709 commendatissima
731 1667 824 1720 esse,
847 1655 881 1708 ut
902 1649 979 1729 patri
1001 1646 1131 1720 suerunt,
1154 1666 1234 1727 quae
1244 1647 1272 1708 si
1286 1646 1445 1728 diligenter
1456 1646 1565 1728 legerit
1586 1653 1618 1708 et
1638 1650 1689 1729 pie
1711 1653 1831 1710 sectata
1852 1647 1944 1709 suerit
1961 1644 1998 1709 G.
2012 1647 2047 1711 T.
2072 1666 2193 1710 conser-

175 1735 260 1797 vabit
280 1753 316 1794 ac
337 1732 471 1795 tuebitur
492 1733 552 1793 imo
574 1735 700 1814 augebit
721 1754 789 1795 eam
810 1735 942 1816 pietatis
956 1732 1097 1813 gloriam,
1121 1753 1211 1813 quam
1233 1728 1475 1814 pater'omnium
1498 1736 1715 1815 praestantium
1748 1736 1876 1795 virorum
1906 1735 2018 1795 iudicio
2049 1755 2085 1795 ac
2106 1733 2194 1795 testi·

176 1820 278 1882 monio
302 1824 513 1899 consequutus
536 1825 587 1883 est
603 1827 635 1882 et
656 1819 790 1902 reliquit,
821 1816 934 1892 Tertio,
958 1819 1041 1898 quod
1062 1840 1113 1881 ma
1132 1821 1184 1899 qui
1201 1823 1261 1882 suh
1279 1817 1315 1883 T.
1335 1816 1372 1883 Ο.
1391 1821 1518 1902 imperio
1541 1827 1630 1883 natus
1653 1841 1733 1892 sum,
1757 1819 1849 1881 decet
1870 1838 1929 1880 non
1952 1820 2193 1882 munusturi

177 1912 209 1967 et
228 1907 309 1986 piam
332 1922 369 1966 ac
391 1907 503 1966 iustam
519 1924 618 1966 meam
641 1904 846 1967 deEcclesiis
869 1906 983 1988 patriae
1006 1925 1107 1967 curam
1129 1924 1166 1967 ac
1182 1905 1431 1978 sollicitudinem,
1455 1913 1487 1969 et
1508 1914 1688 1988 perpetuum
1707 1905 1900 1968 obedientiae
1912 1926 1948 1966 ac
1967 1905 2038 1965 tidei
2057 1905 2194 1967 studium

178 2012 250 2072 erga
271 1987 308 2052 C.
326 1989 362 2054 T.
385 1990 444 2052 sed
461 1997 605 2071 quantum
634 1991 665 2053 in
685 2011 735 2053 me
754 1999 805 2053 est
827 1991 898 2052 dare
920 2011 1059 2073 operam,
1092 1997 1126 2053 ut
1143 1991 1183 2053 ad
1203 1995 1320 2073 piorum
1343 1994 1524 2074 scriptorum
1544 1991 1707 2055 lectionem
1732 1991 1889 2053 assiduam
1912 2011 1949 2052 ac
1964 1992 2193 2054 meditationem

178 2077 329 2149 inviteris,
360 2083 393 2138 et
421 2081 456 2138 ut
484 2077 718 2157 suppeditentur
745 2075 898 2139 Ecclesiis
921 2079 1038 2159 patriae
1065 2077 1162 2140 multa
1182 2080 1234 2160 pia
1255 2086 1286 2140 et
1308 2078 1394 2140 utilia
1420 2080 1544 2161 scripta.
1587 2078 1712 2140 Nullius
1726 2086 1836 2151 =autem
1859 2079 2065 2140 commentarii
2093 2079 2193 2159 magis

179 2162 329 2234 erudiunt,
351 2182 439 2242 quam
461 2158 597 2245 Philippi
618 2162 837 2236 Melanthonis,
859 2164 972 2244 quihus
994 2163 1055 2225 hoc
1076 2165 1141 2225 iure
1168 2164 1296 2227 retertur
1317 2171 1494 2246 acceptum,
1518 2164 1600 2245 quod
1629 2166 1766 2227 doctrina
1783 2171 1953 2226 nostrarum
1981 2163 2194 2226 Ecclesiamm

179 2248 209 2309 in
233 2255 344 2309 certrrm
356 2267 468 2328 corpus
486 2248 620 2321 redacta,
637 2256 675 2340 ¹et
697 2251 890 2312 convenienti
908 2249 1013 2311 ordine
1031 2251 1174 2331 exposita
1195 2257 1246 2314 est
1267 2258 1360 2332 atque
1381 2251 1612 2331 comprehensa.
1647 2250 1726 2353 'lloc
1748 2258 1867 2330 oportet
1894 2251 1980 2312 lateri
2003 2270 2110 2312 omnes
2132 2269 2195 2312 non

175 2334 1407 2505 illitati.‘ttilissflz'titlttitlbattitiis&
1423 2336 2197 2505 {hmilitlttllti&tillim

176 2504 326 2588 polliceor
346 2504 421 2568 mihi
439 2507 554 2586 optima
575 2509 686 2580 omnia,
705 2506 779 2569 iacit
800 2509 832 2569 et
853 2507 975 2569 allectio
997 2525 1070 2588 erga
1090 2508 1253 2572 Ecclesias
1271 2506 1309 2569 G.
1327 2507 1365 2570 T.
1388 2511 1520 2590 egregia,
1543 2516 1575 2570 et
1586 2508 1682 2571 forma
1698 2507 1909 2570 Ecclesiamm
1927 2511 1956 2569 in
1974 2510 2195 2590 patriaoptime

175 2592 354 2665 constituta,
376 2596 409 2654 et
430 2593 556 2674 sapiens
577 2613 614 2655 ac
634 2593 790 2655 moderata
810 2595 997 2674 gubernatio.
1031 2591 1169 2677 Utflergo
1190 2615 1313 2677 operam
1335 2594 1414 2656 hanc
1430 2616 1530 2656 meam
1547 2591 1584 2658 G.
1597 2592 1633 2656 T.
1650 2597 1783 2675 henigne
1805 2602 1897 2675 atque
1916 2593 2081 2657 clementer
2097 2594 2194 2656 susci·

174 2680 239 2760 piat
260 2698 300 2739 ea
321 2697 382 2758 qua
402 2697 457 2760 par
478 2686 529 2740 est
548 2679 641 2741 animi
663 2679 856 2741 subiectione
873 2688 955 2761 peto,
978 2680 1021 2741 lit
1038 2700 1090 2741 oro
1112 2679 1216 2742 Deum
1236 2688 1392 2742 aeternum
1419 2688 1536 2760 patrem
1556 2679 1681 2744 Domini
1699 2684 1796 2743 nostri
1824 2677 1898 2743 lesu
1920 2678 2037 2743 Christi
2062 2678 2195 2742 crucifixi

174 2783 230 2846 pro
252 2763 344 2826 nohis
364 2770 396 2825 et
417 2765 611 2837 resuscitati,
633 2772 668 2827 ut
688 2786 744 2847 per
765 2773 797 2827 et
817 2772 941 2847 propter
958 2771 1115 2826 aeternum
1132 2766 1228 2828 tilium
1251 2765 1338 2848 λόγον
1360 2767 1460 2845 ipsius
1480 2770 1533 2829 aul
1553 2766 1655 2831 εἰκόνα
1675 2765 1776 2831 ἀΐδιον
1798 2766 1926 2847 colligat
1952 2767 2012 2827 sihi
2042 2767 2072 2826 in
2099 2765 2197 2848 patria

174 2869 245 2913 mea
266 2846 422 2916 aeternam
443 2849 621 2912 Ecclesiam
642 2871 719 2912 voce
742 2858 774 2912 ct
790 2851 958 2913 ministerio
980 2850 1142 2931 Evangelii
1164 2854 1230 2925 sui,
1255 2859 1287 2913 et
1307 2850 1478 2914 sanctificet
1505 2871 1573 2913 eam
1595 2853 1712 2933 Spiritu
1733 2860 1840 2916 sancto
1859 2873 1933 2925 suo,
1961 2858 2097 2934 praestet
2117 2859 2195 2914 nan
2223 2912 2227 2919 .

111 3004 116 3011 ,
163 2934 305 3015 ·quillam
322 2955 359 2997 ac
377 2934 542 2997 salubrem
560 2937 819 3021 gubernationem,
843 2936 998 2998 custodiat
1014 2956 1051 2997 ac
1065 2942 1162 3018 ‘regat
1183 2945 1214 3000 et
1232 2933 1455 2999 celsitudinem
1478 2941 1560 2999 tuam
1586 2945 1678 3020 atque
1706 2935 1946 3002 illustrissimam
1973 2940 2134 3019 coniugem
2163 2942 2197 3000 et

176 3018 392 3093 consiliarios,
422 3028 454 3083 et
480 3022 590 3084 flectas
619 3023 737 3084 animos
763 3030 888 3085 vestros
918 3024 957 3085 ad
979 3023 1031 3104 pia
1051 3023 1207 3087 moderata
1235 3031 1267 3085 et
1294 3022 1441 3086 salutaria
1466 3023 1605 3086 consilia.
1649 3024 1737 3088 Bona
1758 3032 1790 3087 ct
1811 3024 1961 3088 foeliciter
1981 3022 2084 3087 valeat
2102 3020 2138 3086 G.
2158 3020 2195 3087 T.

26 3125 48 3185 ,⁴
176 3105 276 3169 Datne
297 3106 498 3188 Wrtebergae
517 3108 567 3168 die
585 3117 691 3188 quarta
707 3107 820 3189 Martii,
844 3129 905 3189 qua
925 3129 1004 3171 anno
1029 3113 1122 3174 1484.
1141 3110 1243 3173 editus
1269 3111 1372 3173 estin
1394 3108 1497 3173 lucem
1514 3109 1747 3173 lllustrissimus
1769 3113 1911 3193 princeps
1940 3109 2093 3191 Georgius
2116 3108 2195 3171 Mar·
2243 3158 2246 3164 .

178 3191 248 3254 chio
269 3192 567 3274 Brandeburgensis,
601 3191 636 3254 G.
659 3193 695 3256 Τ.
719 3201 815 3275 pater,
838 3195 891 3273 qui
913 3203 946 3257 et
966 3197 1082 3277 pietate
1105 3193 1299 3258 Christianae
1316 3203 1348 3259 et
1368 3204 1494 3259 amotae
1510 3198 1740 3271 moderationis,
1759 3205 1791 3260 et
1810 3199 1953 3260 virtutrm
1976 3198 2109 3258 omnium
2130 3193 2197 3258 hal·

175 3276 563 3432 qqcoamrqprusatnLl'squtqqqupfl
575 3279 797 3432 egiptiiptrpsiuit
818 3279 988 3363 exemplar,
1012 3280 1103 3344 huius
1121 3288 1156 3346 nt
1176 3284 1309 3364 vestigia
1329 3285 1472 3366 sequaris
1489 3290 1628 3368 praestet
1651 3284 1848 3367 Spiritusne
1870 3291 1978 3409 sancto
2010 3282 2112 3346 Filius
2133 3279 2194 3344 Dei

382 3517 450 3593 Cel,
473 3518 511 3582 T.

1100 3637 1261 3702 moeurs.

1683 3757 1727 3823 hl.
1749 3756 1901 3821 Iohannes
1923 3756 2035 3825 Sturio.

340 5188 487 5266 [humi.
499 5221 584 5269 om.
597 5221 663 5264 VOh.
676 5176 763 5267 illu.

385 5462 400 5515 i
