4628 5588
149 186 214 261 rso
590 252 595 259 ,
692 169 1223 261 sarantasmum
1243 186 1523 253 ooonlrtcn.
1686 139 1733 232 C·
2088 190 2153 258 rsa
2198 226 2219 285 .·

96 402 100 413 ·
146 372 191 441 lis
211 378 347 442 morbis.
380 376 452 443 Hoc
473 391 640 445 certarnen
662 389 714 443 est
734 397 816 443 vera
837 379 1038 461 poenitentia
1055 378 1124 460 pio·
1176 376 1381 460 Baptismum
1412 386 1540 441 tantum
1572 395 1649 440 esse
1681 385 1792 441 notam
1823 372 2046 461 professionis
2072 399 2154 466 erga

146 483 232 541 rum,
253 464 287 527 in
309 484 375 548 qua
398 467 519 530 crescit
541 467 669 529 novitas
693 463 892 548 spiritualis,
926 475 959 528 et
982 465 1125 547 concipi·
1175 460 1335 526 homines.
1380 460 1492 536 Quare
1530 461 1575 544 pii
1608 463 1730 527 debent
1772 481 1852 526 esse
1883 461 2078 550 vigilantes,
2109 487 2154 531 ue

147 562 247 614 untur
268 551 347 612 novi
370 560 403 613 et
431 552 637 614 ardentiores
661 563 770 614 motus
792 548 1003 634 spirituales,
1037 551 1134 613 sicut
1175 546 1261 612 haec
1304 548 1413 631 opinio
1459 549 1588 612 animos
1631 568 1745 612 eorum
1787 560 1939 633 occupet.
2004 555 2154 617 statuant

145 634 251 720 inquit
275 633 413 699 Paulusr
457 634 613 700 Extetior
638 647 752 699 noster
773 633 873 698 homo
896 636 1124 718 corrumpitur,
1176 646 1286 698 autem
1313 643 1472 710 econtra,
1502 633 1713 717 Baptismum'
1742 652 1819 697 esse
1850 636 2073 700 testimonium
2094 657 2153 702 vo·

146 721 208 783 sed
230 721 366 783 interior
389 734 579 785 renovatur.
602 720 644 785 Et
667 722 708 784 ad
732 719 972 786 colossenses:
996 719 1124 785 induite
1175 717 1314 783 luntatis
1344 718 1408 783 Dei
1430 739 1512 803 erga
1534 738 1608 795 noS,
1631 719 1735 782 etsie
1757 719 1954 784 discantuti
1977 720 2152 806 Baptismo

145 824 268 885 novum
287 805 463 884 hominem,
486 809 542 890 qui
564 819 744 892 renovatur
766 805 1008 893 agnitioneDei
1031 807 1124 870 etad
1176 824 1258 892 erga
1279 803 1399 868 Deum.
1443 803 1582 876 Quoties
1604 805 1763 882 invocas,
1787 807 1897 892 cogita
1919 806 2027 870 Deum
2049 818 2153 872 testa·
2193 815 2195 819 ’

133 890 208 958 imo
237 892 323 954 inem
346 893 430 969 eius,
453 894 508 976 qui
531 894 678 956 condidit
703 912 787 955 eum.
832 892 874 956 Et
896 892 938 956 ad
962 889 1124 955 Corinthi·
1175 898 1244 953 tum
1273 908 1351 952 esse
1383 892 1416 955 in
1438 889 1630 973 Baptismo,
1664 890 1755 974 quod
1776 911 1857 955 vere
1877 903 1912 955 te
1932 894 2097 976 receperit
2118 894 2154 956 in

125 912 261 1055 ¹ostqn
284 978 421 1045 eandem
443 979 618 1065 imaginem
640 974 914 1042 transformamur
936 972 1124 1064 agloriain
1200 975 1326 1052 ratium,
1349 975 1439 1059 quod
1457 995 1536 1038 vere
1558 972 1637 1039 velit
1655 976 1713 1038 tibi
1735 977 1915 1059 ignoscere
1942 990 2080 1061 propter
2099 976 2153 1042 Fi·

146 1057 297 1148 gloriam.
1175 996 1266 1138 Sum,
1288 1079 1368 1123 vere
1385 1056 1465 1125 velit
1487 1072 1521 1124 te
1544 1060 1715 1131 exaudire,
1750 1081 1830 1124 vere
1851 1058 1932 1126 velit
1953 1073 1987 1125 te
2008 1062 2153 1127 sanctifi·

1176 1165 1254 1209 care
1278 1145 1396 1228 Spiritu
1419 1157 1548 1210 sancto.
1594 1144 1630 1209 ld
1653 1157 1793 1210 testatus
1817 1158 1870 1210 est
1891 1145 1956 1212 hoc
1979 1149 2094 1232 signo,
2117 1151 2153 1213 in

1199 1252 1242 1295 uo
1275 1232 1457 1314 paciscitur
1489 1231 1681 1306 nobiscum,
1718 1251 1756 1294 se
1788 1233 1886 1296 nobis
1907 1230 2053 1297 sutorum
2075 1253 2154 1298 esse

1209 1336 1293 1393 eum,
1312 1312 1516 1380 Salvatorem
1539 1328 1571 1380 et
1593 1313 1834 1399 opitulatorem.
1878 1317 1996 1402 Atque,
2010 1319 2056 1382 ita
2068 1319 2153 1384 Pau·

382 1407 456 1489 DE
488 1405 895 1493 SACRAMENTIS,
1174 1400 1227 1465 lus
1250 1403 1292 1465 de
1313 1400 1485 1484 Baptismo
1506 1399 1669 1487 loquitur,
1700 1422 1773 1465 cum
1795 1414 1894 1468 vocat
1910 1400 2081 1468 lavacrum
2101 1426 2154 1469 re·

331 1543 441 1646 outa
479 1557 548 1628 ..a
593 1543 926 1643 sacramentum?
1173 1485 2153 1656 tti⁰titi⁸·...i⁰i.iti⁰,tit22.itit¹tt.it¹‘ititt

1175 1659 1249 1721 bus.
1296 1656 1381 1725 Sunt
1402 1659 1501 1742 igitur
1522 1657 1660 1722 effectus
1683 1660 1834 1743 baptismi
1858 1661 2010 1724 remissio
2032 1680 2152 1744 pecca·

206 1740 371 1827 ‘Proprie
403 1753 455 1807 est
483 1743 670 1807 ceremonia
697 1744 730 1806 in
752 1739 938 1828 Evangelio
964 1741 1123 1819 instituta,
1174 1754 1295 1820 torum,
1319 1755 1352 1807 ct
1362 1743 1494 1808 donatio
1507 1742 1791 1826 Spiritus-sancti,
1813 1746 1898 1810 sicut
1916 1757 2057 1810 testator
2068 1746 2153 1810 Pau·

146 1826 199 1894 eut
220 1837 273 1891 est
294 1828 406 1892 addita
427 1830 602 1913 promissio
624 1825 809 1914 Evangelii.
1174 1824 1228 1892 lus
1245 1826 1370 1912 Ephes.
1392 1827 1424 1889 ὕ.
1445 1829 1612 1893 dlundans
1636 1849 1708 1917 eam
1726 1828 1862 1896 lavacro
1885 1832 2035 1915 aquaein
2048 1832 2152 1896 verbo
2197 1910 2200 1914 ,

878 1918 886 1935 ”
1174 1914 1275 1991 vitae,
1300 1926 1336 1978 ut
1359 1913 1531 1978 exhiberet
1553 1934 1627 1993 carn
1651 1912 1834 1998 gloriosam
1856 1928 1919 1979 etc.
1965 1916 2071 1981 Porro
2094 1917 2152 1981 ad·

1162 1996 1232 2064 ula
1252 1999 1380 2063 discant
1402 2000 1620 2063 exercendam
1643 2019 1719 2064 esse
1738 1998 1836 2065 fldem
1849 2002 2078 2088 recordatiope
2095 2003 2153 2066 ba·

506 2087 618 2188 Quot
641 2090 760 2170 sung?
1173 2085 1296 2189 ptismi,
1319 2087 1395 2168 quia
1419 2103 1561 2148 necesse
1584 2086 1700 2148 estad
1723 2099 1933 2149 sacramenta
1954 2085 2051 2150 fidem
2063 2087 2151 2170 addi.

1175 2174 1328 2312 Semperl
1342 2171 1442 2272 igitur·
1473 2171 1657 2316 iltpptismus
1680 2171 1780 2235 debet
1800 2172 1898 2234 nobis
1928 2173 2152 2275 testimonium

172 2308 186 2333 ⁰
229 2337 313 2415 Tria
327 2346 420 2402 recte
440 2348 669 2414 numerantur,
701 2336 908 2420 Baptismus,
931 2332 1121 2412 Absolutio,
1171 2274 1252 2402 reustlse
1269 2267 1477 2402 ppsurvrteagsa
1500 2275 1581 2402 81εὲ
1584 2276 1751 2424 Γιεεᾶεειὲῗιδιζ
1765 2257 2152 2418 ‹ggpepdpgpprtgoplgetgpn

144 2421 259 2489 Coena
280 2423 423 2488 Domini.
457 2423 648 2507 Baptismus
671 2434 723 2485 est
745 2423 909 2486 immersio
933 2423 965 2483 in
988 2442 1120 2506 aquam,
1173 2442 1252 2487 esse
1273 2422 1411 2487 salutem
1434 2437 1569 2508 propter
1581 2424 1762 2505 Christum,
1785 2446 1866 2491 vere
1887 2426 2090 2514 sanctificari
2111 2447 2153 2492 ac
2246 2448 2249 2453 ·

142 2530 230 2596 quae
252 2511 289 2575 lit
311 2507 472 2579 curflhac
495 2511 686 2573 admiranda
709 2509 959 2571 benedictione:
978 2505 1121 2591 Egebat·
1172 2510 1280 2574 iuvari
1301 2530 1321 2574 a
1343 2510 1467 2593 Spiritu
1485 2523 1614 2574 sancto.
1717 2500 1746 2545 ⁶
1780 2584 1789 2600 ⁶

167 2597 229 2659 tiso
252 2607 284 2660 te
307 2599 338 2660 in
358 2596 489 2659 nentina
502 2596 621 2672 Patris,
643 2607 675 2658 ει
686 2591 771 2673 Filii,
793 2607 824 2657 et
836 2594 978 2677 Spiritus
1002 2592 1120 2656 sancti.
1178 2600 1183 2608 '

140 2617 184 2744 St
206 2683 248 2746 ad
296 2683 349 2746 uid
373 2680 429 2745 fiat
454 2682 647 2764 baptismus,
670 2679 755 2744 haec
777 2682 851 2765 ipsa
873 2680 976 2743 verba
998 2675 1121 2762 signifi·

143 2777 231 2832 cant.
306 2779 337 2833 st
359 2769 444 2831 enim
466 2768 650 2830 sententia:
690 2765 764 2850 Ego
791 2767 940 2829 minister
965 2763 1120 2826 mandato
1325 2818 1328 2826 ,

142 2852 253 2917 divino
274 2852 337 2917 hac
359 2853 547 2916 ceremonia
569 2862 685 2930 testor,
730 2853 797 2916 uod
815 2852 878 2914 iam
897 2846 953 2913 ille
963 2847 1058 2911 Deus
1070 2865 1121 2911 re·
1342 2839 1497 2924 Suntne
1528 2836 1701 2922 infantes
1733 2840 1991 2952 baptisandi?

143 2939 243 3022 cipiet
264 2949 298 3001 te
319 2940 352 3002 in
376 2940 525 3024 gratiam,
572 2939 603 3001 ui
617 2949 678 3001 cst
699 2872 818 3014 tlara,
840 2932 942 3000 Filius
965 2946 998 2998 et
1019 2933 1122 3018 Spiri-

142 3034 196 3088 tus
219 3035 367 3100 sanctus,
392 3025 497 3087 etsie
520 2959 592 3087 vllt
615 3023 753 3106 agnosci
776 3033 809 3085 et
831 3020 999 3098 invocari,
1032 3018 1121 3107 qugd

141 3120 277 3193 propter
316 3108 433 3172 Filium
468 3120 505 3176 ,te
550 3109 703 3191 recipiat,
747 3118 780 3170 et
819 3106 943 3189 Spiritu
1001 3115 1120 3167 sancto
1259 3104 1478 3190 Respondeo,
1501 3104 1685 3170 infantibus
1708 3107 1902 3189 baptismum
1924 3110 2152 3176 necessarium

142 3206 175 3258 te
197 3192 397 3271 sanctificet,
422 3205 454 3256 et
476 3193 520 3255 sit
538 3195 595 3256 tibi
608 3190 841 3276 opitulaturos,
862 3188 1122 3255 etinchoaturus
1174 3210 1263 3267 esse,
1286 3194 1363 3277 quia
1381 3191 1572 3256 illaudatum
1591 3190 1716 3256 Christi
1738 3206 1792 3256 est
1813 3191 2014 3272 universale,
2036 3193 2150 3261 lohan.

140 3279 176 3343 iu
209 3291 243 3342 te
276 3300 396 3343 novam
419 3290 452 3342 ει
474 3289 640 3341 aeternam
668 3279 783 3342 vitam:
807 3276 855 3341 lta
877 3278 908 3339 in
931 3275 984 3339 his
1008 3275 1120 3338 verbis
1173 3276 1205 3342 3.
1228 3277 1300 3341 Nisi
1324 3278 1398 3362 quis
1421 3290 1557 3343 renatus
1580 3273 1678 3341 suerit
1702 3298 1784 3341 exa
1811 3283 1908 3363 uatet
1930 3281 2065 3362 spiritu,
2084 3302 2151 3345 non

143 3363 384 3447 comprehensa
407 3375 459 3427 est
476 3364 665 3447 promissio,
690 3375 723 3426 et
741 3383 867 3426 summa
881 3358 1066 3446 Evangelii,
1090 3372 1122 3422 et
1173 3374 1285 3447 potest
1306 3364 1432 3448 ingredi
1456 3365 1488 3427 in
1511 3383 1650 3448 regnum
1672 3362 1752 3443 Dei,
1785 3299 1876 3448 lego
1904 3368 2001 3430 etiam
2022 3365 2151 3430 infanti-

145 3452 212 3515 veri
236 3447 342 3514 cultus
366 3451 562 3533 descriptio,
595 3469 680 3534 quae
703 3449 861 3512 discernit
882 3467 946 3509 nos
966 3467 986 3510 a
1009 3445 1122 3509 Genti·
1175 3449 1237 3513 bus
1267 3469 1351 3531 opus
1379 3461 1431 3511 est
1452 3450 1631 3531 baptismo,
1666 3460 1703 3512 ut
1725 3446 1908 3515 salventur.
1953 3450 2045 3515 llaec
2066 3455 2151 3517 ratio

143 3537 205 3600 bus
229 3548 262 3603 ει
284 3535 430 3614 ludaeiS,
464 3532 913 3621 qubnoninvocantlieum
937 3528 1130 3616 petillium
1174 3536 1272 3598 ducta
1294 3555 1336 3598 ex
1358 3532 1537 3598 universali
1561 3535 1726 3598 sententia
1747 3532 1911 3599 satisfacit
1932 3538 2015 3620 piis,
2050 3547 2083 3601 et
2103 3549 2152 3602 te·

141 3618 374 3698 lllediatorem,
406 3642 516 3707 neque
549 3632 737 3706 agnoscunt
769 3619 925 3702 Spiritum
959 3629 1121 3680 sanctum.
1172 3620 1283 3684 nenda
1305 3630 1358 3683 est
1379 3620 1542 3684 adversus
1564 3619 1728 3684 fanaticos
1752 3619 1920 3699 homines,
1953 3623 2009 3705 qui
2032 3622 2151 3705 impro-

142 3705 255 3779 Quare
277 3707 361 3770 hacc
383 3709 486 3771 verba
505 3726 636 3791 semper
657 3708 724 3769 sint
748 3706 846 3769 nobis
868 3705 900 3767 in
925 3715 1121 3784 conspectu,
1161 3706 1252 3769 *bant
1276 3706 1481 3788 'baptismum
1514 3703 1693 3769 infantium.
1747 3704 1832 3769 Sunt
1862 3718 1895 3770 et
1929 3704 2025 3790 plura
2052 3729 2151 3794 argu·

142 3810 275 3875 semper
296 3806 454 3874 personet
475 3794 572 3857 nobis
595 3793 627 3854 in
645 3793 783 3855 auribus
801 3788 886 3854 haec
905 3808 970 3853 vox
983 3787 1120 3935 Deilpa-
1172 3803 1282 3855 menta
1303 3787 1394 3854 utilia
1416 3791 1640 3856 conscientiis.

143 3877 299 3940 ciscentis
323 3878 508 3954 nobiscum,
528 3878 615 3961 quod
640 3897 718 3941 vere
742 3874 821 3940 velit
843 3875 940 3938 nobis
958 3892 1036 3938 esse
1087 3893 1120 3936 e-

128 3978 196 4038 ·uS,
217 3981 297 4026 vere
320 3958 400 4024 velit
421 3960 493 4025 Filii
516 3961 712 4025 beneficium
734 3973 767 4025 et
790 3961 946 4043 Spiritum
969 3970 1120 4022 sanctum

141 4048 240 4112 nobis
262 4047 436 4128 impertiti,
469 4065 548 4111 vere
577 4059 670 4110 curet
693 4058 726 4109 ει
748 4047 901 4109 exaudiat
924 4064 998 4108 nos.
1043 4043 1119 4107 ideo
1326 4059 1473 4126 pnfames
1491 4059 1593 4148 ,liqui
1616 4074 1694 4127 ,um
1715 4061 1883 4143 salvangg

141 4132 262 4197 Petrus
296 4132 386 4209 dicit,
420 4131 624 4215 Baptismum
658 4150 735 4194 esse
756 4145 887 4214 pactum
911 4132 1019 4194 bonae
1041 4149 1120 4192 con·

1326 3926 1432 3990 Nemo
1455 3911 1607 3990 salvatur
1628 3937 1723 3991 extra
1740 3923 1941 4002 Ecclesiam.

142 4218 301 4283 scientiae
320 4237 402 4304 erga
416 4215 543 4295 Deum,
565 4218 597 4281 id
621 4226 682 4294 est,
705 4217 755 4280 sic
772 4217 943 4280 sentientis
967 4217 1008 4280 de
1029 4211 1117 4291 Deo,
1325 4196 1418 4285 Εῐεθ
1439 4219 1583 4264 neces-5⁰
1607 4212 1659 4263 0⁵2
1680 4220 1741 4265 θοι
1762 4200 1910 4266 insertos
1932 4221 2010 4266 ⁶⁸80
2031 4200 2150 4288 Eccls·
2262 4281 2269 4289 ,

143 4306 234 4454 ffid
255 4324 335 4369 vere
357 4324 421 4368 nos
443 4304 606 4387 receperit
627 4315 763 4388 propter
780 4298 915 4381 Filium,
949 4320 1030 4367 vere
1055 4319 1119 4364 nos
1377 4285 1466 4362 δῑθθ,
1487 4295 1521 4350 ei
1542 4282 1701 4369 applicari
1722 4288 1771 4351 0¹⁵
1793 4287 1935 4385 primun!
1955 4287 2151 4354 Sacramen-

229 4402 323 4456 curet
345 4400 377 4456 et
398 4391 562 4456 exaudiat.
1378 4380 1458 4433 turn.
1800 4420 1804 4426 .

1258 4503 1366 4570 Maior
1387 4517 1440 4569 est
1460 4503 1652 4584 manifesta,
1674 4508 1752 4592 quia
1771 4508 1828 4572 ubi
1849 4527 1915 4572 non
1939 4518 1991 4572 est
2011 4511 2150 4575 verbum

1172 4588 1248 4669 Dei,
1270 4600 1328 4655 aut
1344 4590 1608 4673 Sacramentum,
1630 4593 1676 4657 ibi
1698 4613 1765 4657 non
1789 4594 1885 4658 datur
1906 4592 2050 4678 Spiritus
2072 4614 2150 4661 san·

1173 4687 1259 4754 ctus,
1280 4677 1358 4762 quia
1378 4677 1476 4742 datur
1497 4694 1558 4763 per
1579 4679 1717 4743 verbum
1739 4689 1773 4743 et
1795 4678 2023 4744 Sacramenta.

310 4715 411 4821 Quia
440 4731 504 4802 est
532 4718 700 4801 effectus
728 4715 952 4829 Baptismi‘?
1046 4778 1051 4785 .

1257 4810 1368 4877 Minor
1389 4814 1486 4877 etiam
1508 4810 1684 4880 manifesta
1705 4824 1769 4894 cst,
1792 4813 2033 4901 quiaChristus
2056 4813 2150 4883 clere

1170 4899 1362 4982 pronuntiat
1389 4900 1432 4964 de
1457 4895 1639 4965 infantibus
1668 4901 1701 4965 in
1723 4899 1848 4985 populo
1869 4897 1951 4966 Deir
1996 4901 2071 4966 Non
2095 4913 2150 4968 est
2233 4952 2237 4957 ·
2298 4880 2305 4886 Β

230 4977 376 5049 Ptorsus
410 4983 571 5072 extinguit
601 4922 697 5089 psum
729 4983 889 5069 Baptismi
932 4982 1122 5088 peruiciosa
1173 4978 1328 5089 voluntas
1351 4982 1477 5063 Patris,
1505 4995 1541 5051 ut
1568 4997 1684 5090 percat
1710 5006 1797 5051 unus
1827 4987 1870 5051 de
1889 4984 2039 5072 parvulis
2061 4988 2147 5054 istis.

145 5078 180 5138 st
211 5065 356 5136 amaea
388 5069 498 5153 opinio
528 5067 768 5165 plumarum,
811 5066 899 5155 ane
924 5067 1122 5156 hrogroatur
1173 5065 1257 5135 cum
1277 5081 1377 5155 tgnur
1398 5081 1547 5149 testator,
1567 5067 1710 5153 mfautes
1732 5068 1809 5138 illos
1829 5070 1947 5139 salvos
1968 5071 2058 5152 lieri,
2090 5074 2148 5160 qui
