4628 5588
136 174 203 247 mr
765 156 809 243 ι’.
851 172 1119 243 musano
1141 175 1344 247 srrseocr
1363 174 1528 265 urcem.
2101 182 2169 253 ms

139 387 240 436 oram
278 378 337 434 aut
380 387 456 435 eum
513 367 600 433 ictor
652 366 736 454 ingit
770 366 970 454 Sphingem,
999 363 1124 432 notens
1180 367 1406 455 cupiscentiaa
1438 386 1542 454 saepe
1563 380 1746 457 usurpatur
1765 391 1828 456 pro
1849 366 1909 438 illa
1930 370 2020 439 mala
2042 373 2168 457 radica,

137 453 330 544 significare
351 453 474 540 Sophia
501 474 586 520 cam
664 464 791 520 etustas
813 452 931 519 iocosa
952 455 1126 520 mendacia
1179 458 1243 522 etsi
1264 456 1486 542 appetitiones
1508 455 1674 536 differunt,
1697 460 1862 544 quaedam
1881 459 1960 525 sunt
1976 459 2168 528 modius·

136 543 287 610 nominat
307 538 486 628 Apologos
507 552 542 607 et
565 540 733 607 Peumata.
776 537 940 606 (illiciosa
961 552 1055 620 sunt,
1088 553 1127 607 ιιι
1177 541 1254 609 Deo
1276 544 1310 609 in
1331 553 1464 622 natura,
1487 564 1575 648 quae
1595 541 1737 610 fuissem
1758 545 1857 612 etlam
1878 548 1912 611 in
1933 545 2167 634 integranatu·

139 639 391 716 strategemata,
414 638 471 695 aut
492 628 621 716 figurae
643 624 756 706 Raab,
789 625 916 693 Michol
937 638 971 693 et
988 625 1124 694 similes.
1176 651 1228 711 ra,
1256 643 1293 696 ut
1310 651 1405 697 amor
1436 626 1514 710 Der,
1546 632 1707 714 apetitio
1740 632 1824 709 cibi,
1847 644 1947 718 potus
1969 644 2003 699 et
2025 631 2165 701 similes·

136 716 232 822 llaec
254 724 412 781 nonsunt
432 727 582 802 peccata,
605 715 665 779 sed
687 724 765 780 sunt
781 712 923 821 consilia
939 711 1125 822 singularis
1177 714 1258 783 item
1279 722 1415 806 στοργαὶ,
1436 718 1545 804 ira,q
1604 719 1611 736 ⁹
1653 728 1706 784 est
1727 720 1760 783 in
1779 715 1857 790 ,titia
1878 715 1981 788 zelus.
2059 755 2062 766 ·

138 803 618 956 {lrllllntclllrlnlldlleelacclldlrltis
633 798 1000 955 dedllnrelrlllfflllllisnll
1028 810 1126 953 mols
1263 888 1362 956 Aliae
1385 867 1464 957 suut
1484 890 1705 977 appetitiones
1726 910 1790 960 suo
1813 912 1942 979 genere
1957 890 2115 973 vitiosae,
2129 901 2169 960 ut

137 975 235 1064 quasi
255 974 388 1061 pictura
409 987 558 1042 ostensa:
580 985 614 1040 et
635 972 826 1040 referuntur
847 976 890 1040 ad
912 974 1002 1042 hunc
1015 972 1127 1053 linem,
1176 972 1326 1043 fremitus
1360 969 1525 1044 adversus
1544 974 1673 1057 Deum,
1707 979 1757 1044 ira
1789 978 1824 1044 in
1845 977 1946 1057 Cain,
1976 979 2169 1045 incendium

61 1131 63 1135 ,
137 1074 173 1129 ιιι
194 1063 326 1149 prosint
346 1061 433 1141 aliis,
454 1061 586 1149 utquid
608 1074 687 1127 sunt
707 1059 798 1128 aliud
820 1058 1037 1128 ceremoniae
1054 1060 1127 1127 itto-
1176 1065 1358 1130 inordinati
1381 1065 1504 1130 amoris
1527 1065 1561 1129 in
1582 1063 1726 1144 Davide,
1750 1075 1784 1130 et
1806 1085 1922 1131 omnes
1945 1061 2032 1130 tales
2054 1077 2167 1132 motus

139 1150 252 1215 saicae
273 1149 338 1214 nisi
359 1146 445 1215 tales
467 1147 609 1235 figurae,
630 1146 992 1233 aliudsignificantes,
1027 1168 1127 1235 quam
1176 1132 1365 1237 pugnantes
1398 1172 1473 1217 cum
1494 1149 1588 1238 Lege
1608 1148 1685 1217 Dei.
1730 1150 1809 1218 ideo
1831 1151 2058 1238 Augustinus,
2091 1173 2168 1220 cum
2233 1156 2238 1165 '

138 1236 228 1323 quod
262 1232 372 1303 oculis
405 1236 560 1302 cernitur.
611 1233 694 1302 Vult
726 1236 813 1300 enim
846 1233 939 1301 Deus
972 1235 1126 1301 homines
1151 1255 1157 1353 q
1178 1239 1313 1303 damnat
1336 1238 1653 1323 concupiscentiam,
1676 1238 1769 1304 addit
1789 1240 2046 1320 restrictionem,
2062 1249 2168 1306 etue

139 1325 282 1404 docere,
304 1335 362 1391 aut
382 1323 519 1410 proprio
541 1341 715 1402 sermone,
737 1332 796 1387 aut
816 1320 977 1408 figurato}
999 1338 1056 1389 aut
1077 1321 1126 1407 pi·
1150 1356 1157 1521 Ι
1177 1324 1279 1390 minat
1299 1321 1420 1391 malam
1442 1324 1759 1412 concupiscentiam.

139 1410 251 1476 cturis.

1261 1494 1336 1583 Ego
1370 1497 1508 1563 brevius
1540 1495 1708 1564 vocabulo
1736 1494 1862 1577 ἀταξίας
1879 1508 1976 1576 utor,
2010 1519 2086 1565 cum
2107 1498 2166 1565 da·

1176 1592 1308 1690 mnatur
1342 1585 1631 1691 cqncupiseentia‚
1664 1583 1739 1650 dico
1771 1582 1896 1665 ἀταξίαν
1929 1583 2168 1690 signibcnriin

236 1735 299 1804 uu
320 1735 447 1804 rouo
468 1734 527 1802 uu
546 1734 721 1802 necno
744 1734 1075 1825 omnesne„
1177 1671 1494 1843 titillabit?
1515 1669 2167 1844 bitti-‘titttttitttttit

1167 1863 1370 1910 .rumnosum
1392 1845 1427 1910 in
1450 1845 1617 1912 omnibus.

224 2009 387 2079 NONUM
407 2009 465 2077 ET
475 2009 688 2077 nucinum
709 2025 925 2098 praeceptum
947 2013 1128 2079 ostendunt
1263 2014 1336 2082 llae
1357 2017 1600 2083 admonitiones
1622 2026 1761 2102 propter
1781 2015 1930 2083 iuniores
1951 2017 1984 2080 in
2006 2014 2167 2101 bisprac-

142 2097 458 2186 discrimenLegum
468 2096 681 2165 Politicarum
705 2110 737 2165 et
759 2099 862 2194 Legis
885 2100 1027 2177 divinae.
1062 2098 1127 2164 Le·
1179 2104 1285 2187 ceptis
1317 2115 1522 2189 repetuntur.
1578 2102 1751 2169 Pharisaei
1785 2113 1817 2168 et
1850 2100 2008 2169 ltlonachi
2040 2112 2167 2208 negant

143 2208 204 2275 ges
225 2184 385 2251 Politicae
417 2197 543 2252 tantum
562 2187 768 2274 praecipiunt
790 2189 832 2252 de
855 2188 1000 2251 externis
1024 2188 1127 2252 aetio·
1177 2201 1319 2274 peccata
1340 2210 1419 2256 esse
1441 2192 1588 2256 radicem
1606 2192 1801 2257 vitiosorum
1820 2189 2007 2267 affectuum,
2021 2202 2054 2254 et
2071 2188 2166 2255 vnio·

142 2275 253 2352 nibus,
284 2292 352 2336 non
374 2271 556 2358 loquuntur
576 2273 620 2338 de
637 2275 782 2340 motibus
805 2284 861 2338 aut
884 2273 996 2338 cordis
1017 2273 1127 2359 pravi·
1175 2296 1236 2340 sos
1271 2274 1422 2343 affectus.
1481 2275 1587 2343 Stoici
1630 2277 1755 2363 pariter
1789 2274 1908 2342 volunt
1940 2273 2014 2342 tolli
2048 2295 2165 2342 omnes

141 2372 219 2447 tnta,
240 2370 276 2425 ut
296 2364 363 2440 rion
386 2360 498 2444 rapias
521 2379 576 2424 res
599 2356 746 2440 alienas,
769 2360 845 2448 quia
868 2356 996 2446 reliqua
1019 2370 1070 2424 est
1093 2360 1126 2425 ln
1176 2356 1336 2444 affectus,
1370 2385 1444 2431 cnm
1471 2383 1614 2430 necesse
1636 2366 1682 2431 sit
1706 2365 1852 2430 discerni
1875 2363 2030 2429 conditos
2053 2363 2087 2428 iu
2108 2383 2166 2430 ua·

139 2458 257 2513 natura
287 2440 424 2511 libertas
457 2443 608 2511 frenandi
640 2459 779 2512 externa
802 2449 962 2526 membra,
990 2466 1052 2511 seu
1075 2467 1126 2512 re·
1177 2461 1251 2517 tura
1273 2461 1306 2515 et
1327 2448 1414 2516 alios
1435 2461 1626 2540 pugnantes
1649 2472 1724 2518 cunr
1745 2450 1837 2538 Lege
1859 2448 1939 2516 Dei.

139 2534 238 2686 gandi
270 2530 518 2602 locomotivam.
562 2531 610 2598 At
631 2531 743 2619 Leges
766 2533 898 2598 divinae
918 2533 1127 2619 praecipiunt

162 2621 329 2705 eintegra
351 2619 551 2699 obedientia,
573 2619 616 2684 de
639 2620 797 2685 interiore
812 2632 845 2685 et
864 2620 1041 2699 exteriore,
1063 2639 1126 2684 seu

137 2708 181 2773 de
212 2707 344 2792 integre
378 2703 609 2771 conformitate
642 2705 786 2772 omnium
818 2708 937 2771 virium
969 2705 1125 2785 horninis,

136 2795 257 2860 mentis
281 2802 315 2857 et
334 2789 518 2858 voluntatis
541 2803 574 2858 et
596 2793 707 2857 cordis
720 2815 794 2858 cum
807 2790 894 2872 Deo,
915 2801 1125 2857 utaccusent

138 2892 172 2946 et
194 2880 350 2945 damnent
383 2900 451 2944 non
473 2891 598 2944 motum
622 2890 761 2944 externa
782 2877 921 2959 delicta,
943 2880 1005 2943 sed
1027 2878 1124 2943 etiam
1175 2864 1507 2954 ADMONlTlO
1553 2865 1856 2955 OOMMUNIS
1887 2867 1962 2950 DE
1993 2865 2167 2952 PRAE-

14 3006 20 3010 -
138 2969 296 3033 tenebras
318 2966 451 3045 mentis,
485 2975 520 3031 et
550 2966 745 3051 pravitatem
768 2965 892 3033 cordis.
938 2964 1017 3031 ldeo
1039 2961 1125 3028 bace

36 3104 48 3124 s
138 3046 204 3119 duo
226 3064 407 3160 praecepta
452 3063 596 3118 ostrema
613 3051 738 3157 addunt
758 3052 847 3118 hauc
868 3048 1126 3156 declarationem
1175 3022 1291 3110 MllS
1336 3023 1408 3109 ΕΤ
1450 3021 1652 3111 POENIS
1696 3022 1799 3110 SEU
1830 3022 1905 3106 DE
1934 3018 2166 3108 PROMIS-

138 3141 532 3379 flat,
553 3158 774 3291 {tilithi
786 3160 946 3310 „litii
961 3134 1125 3292 titi}
1176 3179 1434 3268 uuussus
1487 3179 1559 3264 nr
1611 3173 2165 3266 commaneamus.

1150 3378 1156 3458 Ι
1230 3420 1232 3424 ,

225 3484 397 3551 Pharisaei
419 3496 453 3551 et
470 3482 627 3551 Monachi
650 3485 806 3550 dixerunt
828 3495 955 3550 tantum
978 3483 1128 3549 damnari
1265 3483 1312 3550 Ut
1333 3495 1442 3551 autern
1464 3486 1500 3548 in
1522 3484 1765 3572 gubernatione
1785 3481 2089 3547 humanaridemus
2102 3479 2166 3546 Le·

106 3610 111 3635 -.
139 3572 279 3640 vitiosos
302 3570 461 3652 affectus,
484 3592 559 3637 cum
580 3572 712 3638 aceedit
735 3590 938 3650 consensus,
961 3591 1030 3636 non
1051 3574 1127 3657 'rspo-
1204 3591 1243 3639 es
1266 3572 1443 3650 contemni,
1466 3573 1584 3636 sinon
1608 3568 1839 3654 delinquentes
1861 3569 2052 3653 puniantur,
2075 3566 2166 3633 sicut

139 3659 285 3739 πάθειας,
304 3656 371 3724 huo
392 3661 478 3725 euim
501 3658 632 3725 nomine
654 3655 755 3746 aliqui
777 3659 829 3723 usi
852 3668 946 3723 suut·
970 3656 1128 3722 iluucer-
1180 3597 1294 3729 licum
1315 3655 1504 3723 Aeschines
1527 3667 1561 3723 et
1583 3653 1849 3733 Demosthenes,
1878 3652 1965 3729 odon
1986 3650 2094 3739 ὄφελος
2113 3655 2168 3734 τῆς

139 3766 250 3811 rorem
271 3755 363 3811 taxat
384 3744 510 3811 Paulus
531 3747 574 3812 ad
596 3744 767 3811 Romanos
789 3745 929 3830 septimo
951 3757 985 3809 et
1007 3755 1128 3809 octavo
1179 3751 1331 3820 πολιτείας
1351 3742 1393 3827 μή
1408 3742 1542 3826 ,ἐχούσης
1563 3744 1654 3830 νεῦρα
1675 3746 1727 3806 tni
1755 3739 1943 3822 ἀδικοῦντας,
1986 3739 2035 3806 lta
2058 3741 2168 3808 consi·

141 3833 262 3916 capite,
295 3842 329 3897 et
361 3830 506 3897 affirmat
522 3843 664 3917 peecata
686 3851 764 3898 esse
782 3850 898 3898 omnes
917 3831 1058 3896 vitiosos
1080 3826 1129 3895 af·
1181 3835 1336 3899 daremus
1364 3833 1398 3896 in
1420 3828 1514 3921 Lege
1537 3830 1649 3896 diuina
1670 3829 1911 3915 promissiones
1933 3839 1966 3892 et
1988 3829 2167 3894 commina-

142 3917 272 3996 fectus,
302 3919 402 3983 etiam
425 3937 499 3984 oum
521 3920 667 3984 nondum
688 3919 832 3984 accessit
855 3937 1062 3997 consensus,
1097 3926 1130 3982 et
1179 3922 1305 3986 tiones:
1349 3928 1383 3982 et
1406 3913 1510 4003 longa
1532 3915 1802 3982 commemoratio
1825 3926 1878 3980 est
1900 3915 2192 3981 benedictionum

139 4006 286 4071 radicem
316 4024 454 4083 eorum,
487 4002 617 4069 scilicet
648 4017 822 4091 peccatum
855 4005 1008 4091 originis,
1040 4004 1130 4090 quod
1181 4018 1215 4072 et
1235 4001 1504 4070 maledictionum
1521 4005 1555 4068 in
1576 4000 1642 4068 fine
1664 4000 1923 4069 Deuteronomii.
1968 3999 2021 4066 De
2044 4001 2166 4087 quibus

143 4089 393 4177 comprehendit
426 4091 583 4156 tenebras
616 4091 652 4157 in
685 4105 806 4172 mente,
839 4091 1064 4158 dubitationes
1088 4093 1130 4155 de
1179 4094 1318 4180 primum
1335 4088 1402 4155 hoo
1423 4092 1589 4169 sciamus,
1617 4089 1706 4176 quod
1729 4109 1844 4154 omnes
1867 4085 2020 4153 homines
2041 4089 2111 4152 nati
2131 4086 2168 4153 iu

140 4177 229 4256 Deo,
253 4177 340 4243 etin
363 4172 536 4243 voluntate
558 4187 592 4242 et
613 4180 646 4243 in
670 4176 1129 4257 cordeaversionemaDeo,
1179 4181 1245 4245 hac
1278 4177 1444 4262 pravitate
1465 4189 1617 4256 naturae,
1639 4176 1707 4240 sint
1729 4177 1777 4240 rei
1799 4176 1941 4260 peccati,
1964 4185 1998 4239 ct
2021 4193 2166 4239 commu·

141 4262 272 4332 scilieet
299 4264 389 4349 qnod
422 4283 482 4328 cor
514 4273 566 4328 est
597 4263 671 4330 sine
704 4267 821 4331 timore
852 4264 955 4345 Dei,·
981 4274 1014 4328 et
1057 4264 1130 4328 sine
1178 4287 1255 4332 nem
1275 4284 1418 4351 poenam
1439 4264 1644 4342 sustineant,
1667 4259 1797 4327 scilicet
1818 4273 1957 4327 mortem
1980 4260 2143 4346 corporis.
2218 4272 2239 4285 “

142 4351 320 4418 dilectione
359 4348 437 4431 Dei,
481 4359 515 4416 et
547 4349 649 4417 habet
676 4347 853 4418 horribiles
888 4349 1039 4417 fremitus
1072 4351 1130 4417 ad·
1171 4364 1175 4372 “
1629 4428 1633 4434 ,

141 4457 261 4505 versus
274 4437 384 4504 Deum
395 4438 429 4502 in
449 4437 571 4504 iudicio
594 4458 657 4504 seu
678 4439 807 4524 poenis.
837 4435 1078 4524 Complectitur
1096 4448 1130 4503 et
1266 4439 1348 4504 ltem
1381 4459 1457 4504 cum
1488 4434 1683 4521 nemoLegi
1705 4429 1900 4513 satisfaciat,
1924 4432 2079 4519 quaestio
2101 4442 2165 4514 est,

142 4526 310 4611 ingentem
333 4519 564 4590 confusionem
587 4523 782 4604 affectuum,
809 4525 1024 4611 pugnantium
1054 4545 1128 4590 cum
1180 4525 1260 4613 quid
1292 4521 1422 4611 prosint
1455 4523 1729 4589 comminationes
1762 4530 1796 4586 ct
1816 4519 2067 4607 promissiones.
2111 4514 2167 4585 De

142 4610 236 4698 Lege
258 4610 333 4677 Dei.
378 4609 432 4675 De
464 4607 518 4675 his
551 4606 647 4676 malis
681 4613 851 4690 omnibus,
885 4611 1067 4676 deradice
1096 4623 1130 4677 et
1179 4614 1246 4679 hac
1279 4612 1475 4698 quaestione
1507 4620 1627 4695 postea
1654 4608 1822 4686 dicemus,
1850 4606 1928 4693 quia
1948 4625 2090 4671 necesse
2111 4615 2167 4672 est
2254 4642 2259 4650 1

142 4695 305 4765 fructibus
326 4695 587 4784 inquitPaulus:
609 4698 738 4765 Sensus
760 4700 870 4763 earnis
892 4698 1059 4764 inimicitia
1077 4709 1131 4764 est
1180 4699 1327 4766 discerni
1359 4698 1615 4782 promissionem
1635 4691 1874 4781 Evangelieam
1906 4686 2062 4760 videlicet
2089 4712 2166 4779 gra·

145 4786 310 4852 adversus
342 4782 464 4851 Deum.
530 4783 624 4850 llaec
655 4782 745 4849 mala
777 4785 977 4852 damnantur
1008 4784 1043 4850 in
1075 4782 1128 4851 his
1179 4788 1258 4867 tiae,
1280 4798 1314 4852 et
1334 4784 1574 4872 promissiones
1595 4778 1745 4870 legales,
1767 4792 1801 4847 et
1822 4780 1962 4866 exponi,
1998 4779 2165 4868 quomodo

143 4872 344 4958 praeceptis.
1179 4871 1243 4940 hae
1264 4891 1399 4959 quoque
1420 4871 1551 4955 prosint
1569 4865 1805 4936 reconciliatis.

30 5120 37 5138 Ι
232 5040 375 5109 Discunt
405 5057 517 5110 autem
547 5043 697 5109 iuniores
727 5041 814 5109 haec
840 5041 1008 5110 vocabola
1036 5053 1129 5111 recte
1266 5046 1365 5132 Prius
1386 5055 1498 5111 autem
1518 5043 1561 5109 da
1582 5036 1870 5109 maledictionibus
1892 5052 1927 5107 et
1946 5039 2065 5145 poenis
2075 5036 2166 5103 dica·

145 5125 340 5218 intelligere,
361 5142 396 5197 et
415 5131 609 5199 discermm
629 5128 782 5199 adamus.
815 5127 1026 5199 Vocabulum
1047 5150 1129 5197 oon·
1180 5152 1268 5214 mus,
1292 5143 1327 5200 et
1345 5131 1436 5199 siout
1455 5150 1541 5201 usus
1563 5126 1666 5219 negt·
1687 5125 1775 5197 alius
1796 5139 1851 5198 ast
1871 5125 2047 5217 politicus,
2076 5122 2165 5195 allus

303 5267 450 5310 nemra.
464 5268 548 5313 orna.
562 5269 627 5312 ror.
641 5268 727 5313 xxm
1957 5245 1991 5301 ²7
