4628 5588
153 168 196 238 u
310 212 313 217 -
776 126 890 235 inu.
911 166 1016 234 nur..
1038 167 1226 277 smnus
1246 167 1525 240 ooouancs.
1623 212 1628 220 .
1823 128 1831 143 ”
1986 242 1995 253 ,
2128 171 2173 239 aa

153 359 299 424 monium
332 357 524 442 perhibent,
557 356 672 423 salvos
705 357 778 424 fieri
810 377 872 442 per
899 377 1020 423 nomen
1054 359 1139 438 eius,

155 464 284 523 onmes,
308 448 363 530 qui
387 445 526 508 credunt
543 445 576 508 in
599 465 684 509 enm.

241 563 359 629 Altera
389 577 442 627 est
469 562 638 630 absolutio
666 564 800 649 publica
830 585 944 628 coram
971 562 1138 629 Ecclesia.

153 650 190 715 In
224 651 290 716 hac
320 652 469 735 conspici
503 672 647 716 necesse
680 663 733 717 est
766 652 809 715 ab
843 647 917 714 aliis
951 652 1139 714 testimonia

155 738 403 814 conversionis,
436 749 472 801 ut
499 734 554 800 hic
584 735 739 802 Christus
768 736 950 801 Pharisaeo
984 737 1138 814 ostendit,

157 846 218 889 cur
231 844 302 887 earn
315 824 463 906 recipiat,
483 824 560 907 qnia
572 835 684 887 extent
696 823 885 887 testimonia
898 823 1137 887 conversionis.

241 943 276 1007 st
301 945 354 1008 cui
375 941 461 1006 haec
482 941 604 1006 solutio
633 964 700 1007 non
726 941 854 1028 placet,
882 955 992 1007 utatur
1019 939 1138 1006 altera:

152 1028 306 1094 Usitatae
330 1043 407 1092 sunt
431 1029 692 1114 Synecdochae,
716 1029 936 1094 Renrittuntur
964 1030 993 1091 ei
1023 1025 1137 1104 multa,

155 1118 232 1202 quia
245 1136 409 1179 conversa
433 1128 495 1179 est.
514 1114 557 1177 Et
575 1127 684 1178 tanuen
698 1111 1138 1201 synecdocheexpliconda

155 1214 217 1267 est.
263 1201 344 1266 Cum
367 1200 491 1265 multae
513 1202 580 1264 sint
602 1214 714 1284 partes
739 1201 988 1278 conversionis,
1018 1200 1138 1262 contri·

155 1291 213 1364 tio,
238 1288 332 1364 fides,
351 1284 495 1364 dilectio,
519 1307 611 1370 spes,
635 1290 756 1351 bonum
781 1288 1004 1371 propositum,
1027 1296 1137 1347 tamen

58 1424 61 1429 ·
156 1375 328 1439 scieruhnn
352 1386 415 1449 est,
439 1373 509 1436 ilari
533 1371 774 1452 remissionem,
793 1387 858 1437 hon
877 1383 1015 1456 propter
1034 1371 1138 1455 digni-

155 1471 256 1524 tatem
280 1458 395 1522 harum
431 1461 602 1536 virtutum,
637 1460 699 1522 sed
734 1472 871 1543 propter
903 1457 1135 1522 Mediatorem.

106 1550 110 1559 '
155 1546 248 1609 llaec
268 1543 448 1608 declaratio
472 1546 611 1608 suruitur
629 1566 668 1607 es
682 1543 788 1609 Panlo
812 1546 987 1609 dimieante
1005 1544 1047 1606 de
1064 1563 1139 1626 par·

155 1629 258 1695 ticula
276 1631 389 1693 Gratis
413 1630 478 1693 lide
500 1642 637 1714 propter
658 1631 887 1695 hlediatorem.

395 1925 551 2008 XVIII.
584 1925 901 2034 Argumentum.

155 2215 159 2221 Ι
213 2116 313 2198 Vita
344 2127 509 2196 aeterna
538 2112 769 2193 nominatur
797 2139 963 2214 nreroeS,

212 2235 320 2344 Ergo
352 2247 415 2314 est
444 2233 584 2315 debita
611 2262 685 2342 pro
715 2231 916 2342 operibus.

240 2415 443 2497 Respondeo
467 2415 673 2477 brevissime.
702 2411 840 2475 Phrasis
862 2422 941 2474 nota
963 2423 1026 2487 est,
1049 2408 1136 2474 hler-

155 2504 272 2569 cedem
301 2503 363 2564 dici
393 2521 460 2564 non
490 2512 615 2563 tantum
647 2499 951 2581 corripensationem
980 2498 1135 2575 debitam,

153 2590 214 2653 sed
233 2585 374 2652 fructum
399 2587 453 2670 qui
472 2587 628 2670 sequitur.
663 2584 795 2648 Deinde
818 2605 932 2647 verum
949 2593 1013 2661 est,
1035 2583 1135 2646 vitani

153 2686 335 2748 aeternam,
358 2673 486 2735 etiamsi
508 2683 645 2755 propter
667 2669 756 2733 aliud
780 2672 887 2746 datur,
910 2682 1019 2733 tamen
1038 2669 1135 2732 etiam

153 2780 232 2825 esse
254 2759 457 2836 mercedem,
486 2759 563 2841 quia
586 2768 779 2839 compensat
803 2752 997 2833 benefacto,
1016 2766 1057 2817 ut
1080 2775 1134 2836 pa·

152 2847 338 2911 trimontium
363 2857 416 2906 est
437 2864 568 2907 merces
592 2841 778 2907 ciliciorum
806 2837 884 2920 filii,
914 2841 1043 2905 etiamsi
1080 2861 1135 2905 ac·

149 2933 273 3016 cipitur
295 2941 433 3014 propter
455 2927 553 2992 aliam
578 2949 724 2993 causam.

240 3066 527 3131 Considerandum
564 3078 596 3128 et
637 3063 703 3128 hoc
736 3075 797 3128 est.
854 3062 964 3147 Saepe
1000 3072 1136 3126 utuntur

152 3152 342 3237 Prophe‘ae
363 3151 476 3234 phrasi
494 3151 608 3237 Legis,
632 3150 688 3215 ubi
711 3162 820 3214 tamen
844 3148 1070 3232 interpretatio
1094 3168 1135 3210 ex

152 3236 336 3323 Evangelio
360 3238 520 3300 sumenda
543 3249 606 3301 est.
650 3235 708 3314 Ut,
730 3235 860 3299 'Reddet
883 3235 1060 3318 unicuique
1083 3254 1136 3298 se·

155 3326 298 3409 cundum
322 3344 423 3406 opera
446 3343 524 3401 sua,
553 3325 609 3387 ubi
631 3334 701 3386 tota
725 3324 905 3385 conversio
931 3318 1136 3406 intelligitur,

71 3415 75 3420 ’
154 3422 187 3474 et
209 3423 318 3474 tamen
342 3410 512 3473 scientium
531 3422 593 3487 est,
617 3409 682 3471 fide
704 3411 843 3492 primum
862 3409 967 3492 gratis
986 3407 1136 3470 reconci-

38 3500 52 3513 '
154 3493 319 3561 liationem
350 3497 473 3578 accipi,
501 3509 618 3580 postea
650 3491 785 3579 placere
808 3493 883 3556 Deo
913 3491 1011 3556 iidem
1033 3502 1066 3555 et
1087 3492 1135 3554 in·

154 3582 306 3645 choatam
330 3582 559 3646 obedientiam.
603 3581 646 3645 Et
674 3582 746 3664 pias
769 3591 897 3643 mentes
921 3599 1053 3663 semper
1080 3598 1135 3642 so·

153 3689 234 3732 nare
253 3669 349 3731 decet
371 3668 493 3731 dictum
516 3667 632 3730 lacob:
654 3666 765 3732 lilinor
787 3687 860 3730 sum
887 3666 1014 3730 cunctis
1037 3666 1134 3729 mise-

62 3760 67 3770 '
153 3754 335 3816 rationibus
360 3755 433 3817 tuis.

374 4040 528 4160 §xlae
558 4046 877 4157 Argumentum.

166 4345 168 4350 ⁸
212 4206 350 4321 lasau
388 4243 426 4319 2.
484 4236 645 4318 Videas
687 4235 825 4345 igitur,
866 4236 977 4344 quoa
1018 4264 1097 4347 ex.

273 4357 463 4466 operibus
514 4356 751 4443 iustificetur
787 4357 938 4458 homo,
989 4384 1072 4436 non

270 4477 353 4557 fide
383 4488 555 4559 tantum.
1115 4479 1117 4483 ⁷

237 4654 451 4740 Respondeo.
499 4656 713 4723 Manifestum
747 4669 800 4723 est
833 4660 866 4723 in
894 4657 1017 4723 Iacobo
1050 4658 1131 4724 Fide

60 4821 68 4835 ⁸
150 4750 277 4806 tantum
306 4741 443 4828 intelligi
466 4747 614 4809 notitiam
642 4745 821 4823 historiae,
855 4745 897 4808 de
913 4765 990 4829 ‚qua
1015 4745 1131 4809 notitia

151 4827 246 4891 dreia
266 4826 458 4893 Daemones
488 4831 627 4895 credunt
654 4841 688 4895 et
715 4832 984 4896 contremiscunt.
1034 4831 1133 4895 Fate-
1224 4864 1226 4868 >

148 4925 368 4991 mutantem,
393 4916 552 4980 neminem
575 4936 653 4981 esse
674 4918 795 4982 iustum
822 4913 896 4980 sola
924 4912 981 4979 illa
1002 4916 1131 4995 notitia,

150 4998 217 5062 sed
240 4995 365 5069 Paulus
393 4998 539 5085 loquitur
567 5003 609 5067 de
631 5002 715 5080 tide,
748 5012 914 5087 quaeest
941 5004 1065 5088 agnitio
1097 5013 1131 5066 et

1189 368 1226 424 ut
1241 359 1361 445 inquit:
1380 358 1550 424 iustificati
1570 358 1635 422 fide
1656 380 1772 443 pacem
1790 359 1963 426 habemus.
1978 388 1982 394 ·
1997 359 2040 424 Et
2055 362 2172 426 discri-

1190 464 1265 508 men
1309 446 1342 508 in
1385 465 1466 509 vera
1507 447 1727 510 conversione
1771 444 1985 532 intelligitur,
2027 449 2059 510 in
2104 468 2172 532 qua

1190 529 1275 594 fides
1297 532 1400 595 vincit
1421 551 1520 595 veros
1549 552 1713 614 pavores,
1744 544 1776 595 et
1807 545 1862 605 est,
1887 545 1998 596 motus
2028 532 2171 616 Spiritus

1191 618 1318 695 sancti,
1347 637 1414 701 quo
1437 617 1541 682 corda
1563 618 1790 695 vivificantur,
1820 629 1853 681 et
1873 618 2068 683 accenditur
2091 638 2172 682 vera

1189 704 1371 779 invocatio,
1419 724 1462 766 ua
1481 701 1675 780 clamamnS,
1697 703 1796 767 Abba
1819 718 1925 786 pater,
1948 715 1983 766 ut
1999 705 2119 767 dicitur
2138 705 2172 767 in

1191 787 1368 852 Zacharia:
1390 724 1566 853 Cffundam
1589 809 1692 873 super
1721 791 1851 852 domum
1873 788 1984 853 David
2014 789 2172 871 Spiritum

1189 876 1317 1023 gratiae
1340 885 1373 938 et
1394 894 1541 957 precum.
1574 875 1650 939 Non
1675 876 1775 959 igitur
1797 887 1924 959 pugnat
1935 873 2078 939 lacobus
2097 896 2172 939 cunr

1217 958 1309 1038 aulo,
1332 961 1392 1023 sed
1415 961 1456 1024 dc
1479 958 1545 1024 alia
1567 981 1604 1025 re
1626 957 1783 1045 loquitur.

1223 1204 1226 1209 .
1276 1147 1408 1212 Deinde
1443 1169 1515 1212 cunr
1548 1150 1608 1214 ait:
1653 1147 1705 1211 Ex
1743 1149 1901 1231 operibus
1942 1147 2171 1226 iustiticamur,

1188 1233 1321 1318 phrasis
1351 1231 1564 1320 intelligenda
1594 1246 1656 1298 est.
1701 1235 1776 1298 Non
1805 1236 1889 1297 enim
1918 1234 1973 1298 hic
2001 1232 2170 1298 iustificari

1190 1333 1241 1384 cst
1264 1317 1491 1397 reconciliari,
1526 1322 1588 1384 sed
1619 1332 1736 1404 postea
1764 1318 1927 1383 habentes
1958 1322 2046 1384 hona
2069 1340 2171 1404 opera
2235 1334 2241 1345 '

1189 1406 1418 1484 iustificantur,
1441 1407 1549 1484 idest,
1573 1409 1809 1490 approbantur,
1833 1406 1995 1469 habentes
2014 1406 2171 1470 iustitiam
2232 1439 2233 1444 1

1190 1512 1337 1576 operum,
1360 1513 1445 1577 quae
1468 1494 1500 1557 in
1524 1490 1748 1557 reconciliatis
1771 1493 1835 1555 ianr
1857 1489 1990 1576 placent
2012 1490 2099 1555 Deo.

1455 1788 1554 1870 XX.
1586 1788 1900 1917 Argumentum.

1176 1989 1179 1995 '
1248 1974 1470 2081 Iustifieare
1486 1988 1617 2057 estex
1638 1976 1785 2057 iniusto
1800 1976 1950 2057 iustum
1965 1973 2108 2058 facere.

1248 2095 1381 2177 Iustus
1421 2109 1483 2177 est
1520 2097 1676 2178 habens
1708 2096 1917 2199 iustitiam,
1963 2096 2005 2176 id
2036 2109 2109 2200 est,

1310 2216 1585 2297 obedientiam
1609 2217 1820 2325 integram,
1852 2245 1925 2297 seu
1949 2216 2109 2298 eonfor-

1310 2335 1495 2417 mitatem
1527 2366 1620 2417 curn
1652 2336 1754 2416 Deo'.

1246 2454 1354 2564 Ergo
1384 2484 1468 2537 non
1498 2455 1582 2537 sola
1612 2456 1713 2537 Fide
1745 2454 2016 2537 iustificamur.
2115 2502 2119 2509 ,

1265 2635 1474 2720 'Respondeo
1496 2638 1539 2700 ad
1562 2639 1730 2700 maiorem.
1778 2637 1963 2701 iustificare
1992 2638 2080 2702 iuxta
2110 2638 2169 2703 do·

1188 2724 1335 2789 ahimam
1363 2719 1535 2807 Evangelii
1562 2725 1702 2807 primum
1733 2734 1785 2786 est
1818 2745 1859 2787 ex
1888 2744 1946 2788 reo
1976 2746 2041 2787 non
2074 2746 2166 2788 reum

1186 2806 1312 2873 facere.
1355 2806 1440 2871 Nam
1464 2810 1529 2872 hoc
1551 2810 1659 2895 agitur
1681 2810 1713 2871 in
1738 2811 1825 2872 veris
1849 2806 2050 2887 doloribus,
2072 2832 2169 2895 quae·

1186 2896 1277 2959 ritur'
1291 2895 1444 2958 remissio
1467 2908 1680 2977 peccatorum
1705 2906 1737 2958 et
1758 2893 1995 2960 reconciliatio.
2029 2894 2083 2959 De
2106 2895 2169 2961 hae

1187 3001 1223 3043 re
1257 2980 1389 3044 dimicat
1422 2982 1636 3046 conscientia.
1688 2979 1765 3044 Ideo
1799 2982 1916 3045 Actor.
1951 2982 2000 3045 10.
2035 2982 2166 3046 dicitur:

1186 3066 1271 3130 Huic
1290 3086 1406 3129 omnes
1429 3064 1619 3151 Prophetae
1641 3066 1861 3130 testimonium
1889 3066 2081 3150 perhibent,
2116 3090 2168 3132 re-

1186 3152 1373 3216 missionem
1408 3166 1618 3234 peccatornm
1652 3155 1803 3237 accipere
1842 3174 1902 3235 per
1931 3174 2049 3232 nornen
2084 3155 2167 3234 eius,

1186 3257 1314 3314 ornnes,
1339 3238 1403 3322 qui
1418 3239 1556 3302 credunt
1576 3242 1606 3302 in
1624 3260 1707 3302 cunr.
1753 3238 1811 3302 Sic
1834 3237 1954 3302 clamat
1982 3238 2165 3324 Propheta:
2207 3248 2211 3256 '

1187 3321 1323 3387 Salvum
1347 3343 1399 3387 me
1427 3320 1482 3387 lac
1503 3337 1640 3408 propter
1662 3324 1920 3388 misericordiam
1949 3337 2049 3389 tuam.
2093 3325 2166 3390 Etsi

1186 3421 1294 3482 autem
1322 3430 1437 3472 verum
1460 3423 1530 3489 est,
1564 3413 1597 3474 in
1619 3408 1684 3474 hac
1709 3408 1958 3487 consolatione,
1996 3433 2069 3475 cunr
2100 3411 2165 3475 fide

1187 3495 1358 3580 eriguntur
1392 3497 1514 3574 corda,
1545 3510 1577 3560 et
1602 3494 1815 3560 retrahuntur
1843 3516 1883 3559 ex
1906 3493 2038 3574 inseriS,
2068 3495 2168 3563 simul

1188 3582 1265 3644 dato
1289 3580 1412 3664 Spiritu
1435 3593 1550 3646 sancto
1574 3581 1724 3656 inchoari
1748 3583 1986 3660 obedientiam,
2016 3597 2047 3646 et
2074 3582 2168 3648 habi·

1187 3677 1259 3730 tare
1286 3665 1394 3730 Deum
1424 3668 1456 3731 in
1480 3669 1584 3731 corde
1613 3679 1745 3747 renato,
1779 3680 1889 3730 tamen
1923 3688 2055 3752 semper
2083 3667 2168 3733 haec

1188 3752 1374 3817 consolatio
1404 3749 1614 3834 praeluceat,
1666 3755 1731 3817 uod
1760 3755 1901 3816 credens
1930 3752 2063 3836 placeat
2090 3776 2167 3839 pro·

1186 3851 1262 3922 pter
1283 3837 1510 3904 hlediatorem.
1556 3775 1838 3904 ldeolustificore
1862 3840 1998 3922 primum
2033 3838 2086 3903 bic
2121 3842 2165 3904 si·

1188 3923 1325 4008 gnificat
1348 3945 1388 3987 ex
1413 3945 1470 3987 reo
1482 3945 1549 3988 non
1562 3946 1651 3990 reum
1663 3922 1788 4004 facere,
1812 3938 1842 3988 et
1867 3925 1954 3989 hanc
1972 3923 2166 3990 relationem
2234 4007 2236 4011 ¹

1187 4014 1220 4074 in
1244 4012 1348 4074 verbo
1370 4008 1551 4074 iustificare
1574 4011 1822 4096 comprehendit
1846 4009 1988 4090 Pardus,
2017 4032 2090 4075 cunr
2116 4012 2168 4076 in·

1212 4099 1272 4159 uit:
1306 4094 1476 4160 iustificati
1512 4095 1577 4159 fide
1609 4118 1726 4179 pacem
1756 4097 1931 4161 habemus.
1980 4094 2021 4160 Et
2054 4098 2169 4163 nititur
2283 4152 2290 4159 .

1188 4117 1272 4244 {ides
1295 4182 1480 4245 obedientia
1503 4181 1639 4250 Christi.
1670 4204 1735 4246 non
1764 4185 1899 4267 propria
1927 4183 2083 4247 novitate.
2130 4182 2167 4246 ln

1186 4265 1345 4332 infinitum
1375 4269 1460 4331 enim
1497 4265 1710 4332 anteferenda
1739 4281 1790 4332 est
1823 4268 1945 4333 Christi
1981 4269 2168 4333 obedientia

1186 4365 1322 4417 nostrae
1341 4354 1489 4432 novitati,
1512 4354 1600 4418 siout
1612 4352 1735 4419 Paulus
1757 4356 1875 4441 inquit:
1900 4354 2070 4420 lustiiicati
2087 4375 2165 4419 san-

1187 4441 1287 4528 guine
1309 4439 1424 4525 ipsius.

1186 4734 1322 4839 Quare
1367 4763 1532 4830 necesse
1582 4747 1645 4818 est
1692 4735 1854 4818 retineri
1899 4734 2160 4847 exclusivum,

1413 4854 1506 4941 Sola
1536 4856 1631 4960 fide,
1662 4885 1735 4938 seu
1766 4852 1928 4942 Gratisi

1269 5002 1411 5088 Propter
1433 5015 1552 5089 quator
1580 5023 1712 5068 causas.
1757 5002 1904 5069 Primum
1931 5015 1968 5068 nt
1996 5005 2161 5070 tribuatur

151 5081 273 5150 iidnoia
289 5084 555 5166 misericordiae,
589 5108 676 5174 quae
701 5109 819 5175 pacem
841 5087 938 5153 affert
958 5089 1129 5170 cordibus,
1156 5147 1159 5153 .
1182 5089 1291 5185 honos
1314 5091 1445 5156 debitus
1466 5087 1551 5154 Filio
1563 5088 1649 5171 Dei,
1672 5090 1762 5175 quod
1782 5087 1868 5156 haec
1889 5086 1964 5155 sola
1986 5089 2097 5157 hostia
2117 5089 2162 5156 sit
2198 5120 2202 5127 ·
