4628 5588
99 1711 113 1740 Ν

108 2438 112 2445 -
181 2415 240 2460 sas
259 2393 438 2460 eelebrent.
484 2395 708 2460 Diseessurus
735 2396 833 2479 petit,
862 2410 898 2461 ut
927 2397 989 2461 sibi
1014 2396 1161 2461 dextram

81 2515 86 2521 ·
179 2481 340 2632 porrigat.
384 2480 469 2545 Cum
495 2501 577 2546 vero
600 2479 840 2565 perterrefacta
863 2494 1091 2561 cunctaretur,

192 2587 215 2650 p

84 3451 88 3455 -
181 3414 246 3472 nas
272 3409 368 3472 etiam
398 3409 430 3472 irr
460 3408 525 3472 hac
548 3410 633 3486 vita,
665 3408 717 3472 his
748 3410 802 3493 qul
825 3422 1080 3488 convertuntur,
1113 3420 1161 3487 ut,

178 174 225 245 or
390 262 395 272 p
564 176 572 182 ·
714 250 718 266 ,
856 172 897 239 ιι
925 170 1523 269 ιιιιιιιιιιιοιιιιιιιιιιιιοιιιιιι
2151 170 2196 239 ιιι
2281 187 2283 197 ·

37 382 41 389 ’
65 338 68 343 ¹
183 362 418 439 conversione,
439 361 681 426 iuxtadictumz
703 359 844 425 Frustra
866 357 980 424 colunt
1000 380 1053 425 me
1074 381 1165 427 man·
1186 360 1191 401 ¹
1215 371 1287 427 tuta
1307 370 1372 438 est,
1395 361 1429 423 in
1450 379 1516 445 qua
1537 359 1724 444 sumptione
1744 357 1848 425 Filius
1872 357 1937 423 Dei
1960 377 2040 425 vera
2061 369 2096 424 et
2117 361 2196 437 sub·

183 450 271 516 datis
293 446 471 511 hominum.
517 443 641 509 Paulus
663 458 763 511 vocat
787 448 934 510 iudicare
961 457 1064 511 totam
1086 468 1164 521 con·
1216 445 1415 512 stantialiter
1436 448 1552 523 adest,
1582 456 1616 510 et
1637 457 1780 511 testatur
1804 465 1844 509 se
1865 443 2035 531 applicare
2057 447 2196 512 creden·

182 536 389 610 versionem,
419 552 486 596 non
516 543 673 599 externas
702 543 735 595 et
761 530 932 596 simulatas
962 535 1163 617 tragoedias,
1216 535 1305 597 tibus
1338 552 1401 598 sua
1429 533 1608 611 beneficia,
1639 545 1674 596 et
1705 552 1744 598 se
1767 534 1993 614 assumpsisse
2019 531 2197 599 humanam
2239 544 2244 554 '

177 623 226 687 ab
256 617 442 684 horninibus
471 636 555 682 exeo
581 618 690 681 itatas.
738 617 810 681 Nee
839 638 968 702 poenae
995 629 1163 696 aeternae,
1216 631 1365 683 naturam
1389 630 1524 702 propter
1545 638 1628 696 nos,
1654 630 1689 683 ut
1717 639 1782 684 nos
1805 638 1937 705 quoqne
1964 619 2028 683 sibi
2051 619 2196 683 insertos
2272 648 2275 653 ·

181 726 247 773 neo
267 723 398 788 poenae
419 724 479 767 cor
502 723 523 766 o
576 722 613 765 es
631 699 793 767 tolluntur
812 725 873 787 per
894 725 980 786 opus
1003 704 1091 787 impii
1108 704 1164 767 nri·
1216 703 1297 768 Fide
1320 706 1467 768 membra
1489 724 1550 768 sua
1572 701 1691 782 saciat,
1721 715 1753 769 et
1775 725 1839 770 uos
1860 701 1996 769 ablutos
2018 722 2096 768 esse
2119 723 2196 769 sau·
2269 722 2275 727 ’

180 789 262 870 litis,
286 810 362 856 cum
388 789 449 853 iter
470 725 549 853 lacu
571 786 817 871 Gataphractus
836 791 878 854 ad
902 803 1055 853 sanctum
1073 789 1165 854 laco·
1216 792 1316 875 gaiae
1333 808 1407 854 suo.
1452 786 1558 854 Simul
1580 791 1678 854 etiam
1701 801 1861 867 testatur,
1890 809 1930 855 se
1950 785 2039 854 velle
2064 789 2096 853 in
2124 809 2196 853 ere·
2279 852 2284 864 ,

182 880 273 956 bum,
294 875 355 940 sed
380 870 587 938 cumulantur
607 885 746 958 peccata
767 872 930 939 idolorum
955 871 1055 955 cultu,
1079 875 1166 940 sicut
1216 876 1368 940 dentibus
1387 875 1545 960 deinceps
1568 895 1657 953 esse,
1679 887 1784 954 etse,
1806 896 1881 956 eum
1902 877 1945 940 sit
1962 876 2050 956 λόγος
2071 875 2198 939 aeterni
2283 917 2289 931 ·

183 982 226 1028 ex
259 962 416 1046 opinione
449 959 619 1043 Papistica
647 961 690 1024 de
722 952 1014 1026 Satisiuctionibus
1043 981 1166 1046 magna
1216 960 1337 1038 Patris,
1355 960 1490 1036 docere,
1507 961 1678 1026 vivificare
1699 974 1732 1027 et
1755 981 1874 1048 regere
1893 963 2086 1039 credentes,
2110 962 2198 1025 sicut

181 1045 316 1128 seelera
343 1056 376 1110 et
404 1047 480 1109 tetri
502 1065 634 1110 errores
657 1048 719 1111 orti
742 1057 835 1126 sunt,
866 1049 954 1130 quod
985 1049 1165 1112 ostendunt
1215 1048 1320 1132 inquit
1338 1044 1494 1110 lobannis
1509 1046 1559 1111 15.
1593 1045 1726 1113 hlanete
1745 1049 1777 1112 in
1800 1069 1863 1125 ure,
1886 1061 1919 1113 et
1941 1068 2006 1133 ego
2028 1049 2060 1110 in
2084 1047 2210 1127 vubisr

180 1133 246 1217 ipsi
264 1131 420 1198 canones
442 1132 485 1196 de
507 1127 810 1212 Satisiaotionibus,
834 1143 868 1196 et
889 1130 993 1197 multa
1014 1128 1166 1218 exempla
1216 1131 1280 1204 Qui
1303 1144 1413 1196 nranet
1434 1133 1466 1195 iu
1489 1153 1553 1212 me,
1575 1144 1609 1197 et
1627 1153 1689 1217 ego
1714 1135 1746 1198 in
1768 1153 1822 1211 eo,
1845 1134 1877 1198 id
1900 1145 1963 1212 est,
1987 1135 2043 1218 qui
2062 1131 2127 1196 fide
2144 1146 2196 1197 re·

181 1219 399 1293 meminimus.
1215 1220 1296 1282 tinet
1314 1215 1541 1303 Evangelium,
1563 1221 1596 1282 iu
1618 1238 1660 1284 eo
1682 1239 1761 1284 vere
1782 1219 1877 1284 adest
1899 1216 2002 1284 Filius
2024 1218 2099 1284 Da.
2189 1234 2196 1245 ·

269 1369 412 1435 Errores
435 1370 532 1434 etiam
556 1370 610 1434 isti
636 1389 657 1434 a
686 1370 835 1452 Speetris
863 1370 1047 1436 confirmati
1075 1383 1164 1435 sunt.

182 1455 257 1542 Ego
283 1457 415 1521 anrham
437 1454 557 1533 habui,
585 1474 671 1539 quae
693 1476 786 1534 curn,
809 1468 939 1522 mortuo
956 1457 1094 1535 manto,
1117 1457 1168 1520 vi·
1437 1513 1446 1532 ,
1773 1484 1775 1488 ⁴
1922 1515 1932 1532 ,
1991 1514 2000 1531 ,

184 1544 260 1607 cina
281 1543 389 1625 partui
411 1552 541 1604 moesta
561 1541 693 1605 sederet
714 1543 756 1605 ad
784 1540 896 1606 iocum
924 1546 1074 1626 vesperi,
1097 1540 1163 1607 duo
1368 1512 1468 1616 Qms
1499 1523 1562 1597 981
1591 1512 1743 1597 fructus
1774 1510 2046 1625 Sumpiloms'?

181 1627 327 1712 ingressi
345 1638 424 1691 sunt
446 1626 595 1702 domum,
616 1639 757 1711 quorum
779 1624 865 1691 alter
886 1626 1030 1692 babebat
1058 1628 1164 1692 mariti

181 1715 347 1797 speciem,
378 1724 411 1776 et
439 1732 519 1776 sese
546 1713 804 1776 esse‘rnaritum
828 1711 975 1777 mulieris
997 1725 1163 1777 momunm

164 1798 325 1863 'dicebat
358 1796 456 1862 Alter
473 1794 594 1881 longus
612 1793 825 1861 Franciscaui
842 1797 1000 1862 liloaacbi
1018 1801 1164 1883 speciem

181 1881 338 1947 babebat.
381 1881 521 1946 Etcum
543 1883 587 1946 ad
609 1880 719 1946 iocum
743 1885 945 1947 accessisset
967 1884 1014 1963 is,
1037 1885 1093 1968 qui
1115 1885 1163 1947 in·

181 1968 298 2032 aluerat
331 1968 437 2031 mariti
470 1968 633 2052 speciem,
668 1964 791 2031 salutat
822 1989 957 2033 uxorem
988 1981 1162 2047 moestam,

181 2053 271 2119 iubet
303 2072 376 2117 eam
408 2071 487 2117 esse
509 2054 582 2117 siue
604 2063 711 2131 metu,
745 2054 822 2138 quia
852 2057 980 2120 venerit
1008 2056 1163 2119 mandata

181 2139 345 2224 quaedam
373 2139 403 2202 ei
429 2139 586 2216 daturus,
617 2148 650 2202 et
675 2134 767 2202 illum
799 2137 935 2225 longum
962 2139 1162 2206 Monachum

180 2225 271 2289 iubet
304 2224 467 2308 tantisper
498 2224 627 2311 ingredi
660 2225 706 2287 iu‘
726 2224 978 2310 hypocaustnm.
1032 2223 1163 2290 Deinde

181 2307 377 2394 colloquens
399 2311 491 2394 petit,
514 2322 549 2373 ut
565 2307 783 2375 sacrificulos
807 2312 983 2390 conducat,
1006 2312 1061 2396 qui
1083 2310 1162 2376 hiis·

1232 1677 1261 1695 ''
1302 1676 1430 1743 Usitate
1452 1678 1685 1761 respondetur,
1708 1677 1796 1763 quod
1819 1680 1962 1762 sumptio
1981 1677 2096 1743 fiatad
2117 1700 2196 1746 con·
2235 1733 2242 1740 .

1215 1761 1408 1827 firmandam
1421 1763 1548 1842 Fidem,
1570 1761 1736 1842 videlicet,
1758 1775 1794 1827 ut
1816 1761 2022 1849 applicentur
2045 1767 2195 1832 credenti

1215 1848 1376 1913 beneficia
1408 1846 1549 1927 Christi,
1582 1852 1669 1915 sicut
1695 1869 1797 1933 supra
1825 1850 1948 1926 dietum
1976 1862 2046 1930 est,
2074 1851 2195 1937 Sacra·

1214 1946 1326 1999 nrenta
1343 1953 1419 1998 esse
1448 1935 1633 1999 testimonia
1655 1931 1901 2018 applicationis,
1935 1936 2025 2020 quod
2053 1956 2196 2002 necesse

1214 2017 1443 2103 estintclligi,
1469 2040 1536 2082 non
1559 2029 1596 2084 ut
1618 2018 1774 2105 Papistae
1796 2018 1992 2105 loquuntur,
2023 2043 2065 2086 ex
2092 2042 2194 2106 opera

1214 2117 1363 2188 operato,
1385 2105 1417 2169 id
1441 2118 1509 2182 est,
1532 2106 1605 2168 sine
1628 2107 1716 2170 bono
1739 2116 1831 2171 motu
1851 2109 1975 2172 utentis
2003 2108 2037 2171 in
2059 2107 2195 2188 adultis,

1214 2192 1274 2256 sed
1304 2212 1378 2255 curn
1406 2190 1486 2256 Fide
1516 2191 1692 2274 accipiunt.
1736 2190 1794 2256 Sic
1825 2192 1912 2255 euim
1939 2204 1972 2257 et
1997 2213 2068 2257 nou
2100 2191 2195 2259 aliter

1214 2273 1340 2363 colligit
1356 2290 1527 2341 aeternam
1549 2275 1737 2342 Ecclesiam
1757 2275 1860 2342 Filius
1882 2274 1959 2357 D'ei,
1983 2299 2068 2345 voce
2085 2279 2195 2345 Evan-

1188 2360 1312 2451 igelii,
1344 2376 1378 2426 et
1399 2382 1463 2427 usu
1485 2363 1795 2441 sacramentorum,
1817 2366 1902 2428 sicut
1925 2365 2061 2428 dicitur:
2094 2365 2195 2434 Fides

1126 2493 1160 2546 et
1188 2515 1189 2519 ,
1213 2471 1254 2514 ex
1272 2449 1386 2513 auditu
1399 2461 1466 2526 est,
1487 2448 1619 2512 auditus
1636 2468 1696 2532 per
1714 2450 1852 2513 verbum
1862 2447 1938 2513 Dei.
1961 2449 2076 2515 Trahit
2095 2452 2195 2536 igitur

215 2586 254 2631 se
275 2567 501 2650 promineret,
531 2588 598 2633 non
628 2563 701 2631 fore
729 2578 765 2631 ut
788 2563 993 2646 laedemur,
1023 2569 1080 2633 dat
1107 2568 1162 2632 de,
1213 2554 1297 2601 voce
1314 2531 1497 2617 Evangelii,
1519 2544 1552 2597 et
1574 2531 1646 2597 vult
1667 2554 1730 2598 nos
1751 2536 1917 2599 assentiri.
1950 2534 2077 2600 Eodern
2095 2536 2194 2604 modo
2234 2546 2237 2557 “
2269 2585 2270 2588 ,

180 2663 303 2730 nram,
326 2672 412 2736 quae
434 2655 561 2716 etiamsi
583 2673 651 2717 non
674 2664 727 2716 est
749 2648 872 2732 Imm.
884 2664 991 2718 tamen
1015 2655 1059 2718 im
1085 2663 1163 2718 usta
1213 2621 1254 2685 de
1283 2620 1508 2724 sacramentis
1539 2619 1674 2703 dicitur,
1708 2621 1795 2685 sicut
1823 2620 2034 2725 ‘llgwlnus
2064 2618 2194 2694 confert
2224 2679 2227 2683 .

180 2750 245 2816 est,
265 2751 303 2805 ut
320 2758 453 2824 semper
473 2749 545 2803 atra
566 2740 734 2803 manserit.
768 2737 893 2803 Postea
914 2753 1050 2805 revocat
1070 2736 1161 2804 illurn
1210 2705 1362 2771 'verbum
1390 2716 1424 2768 ‘l
1445 2714 1681 2784 ”affimat
1710 2726 1787 2785 ⁰¹¹-m
1815 2705 1911 2786 ‘¹¹⁰³’
1943 2713 2208 2787 ”mmmmm-

180 2821 317 2911 longum
339 2823 614 2902 Franciscanum,
644 2837 678 2889 et
700 2826 910 2889 discedentes
938 2846 1015 2890 mox
1042 2827 1162 2890 evarress
1213 2811 1292 2856 ⁰⁸⁸⁹
1313 2793 1451 2857 1111111111
1473 2789 1613 2856 vlslblle·

182 2923 291 2975 scunt.
318 2907 419 2976 'l'ales
437 2911 595 2975 historiae
615 2908 737 2979 multae
759 2932 825 2976 non
847 2909 1003 2998 leguntur
1025 2923 1162 2991 tantum,
1299 2925 1361 2992 Est
1383 2928 1484 3012 {girus
1504 2926 1561 2991 hic
1582 2929 1707 3012 primus
1736 2925 1882 3008 fructus,
1910 2926 1977 2993 boe
2003 2931 2193 2996 testimonio

182 2997 243 3060 ⁸0¹¹
265 2997 362 3060 11111111
384 2997 571 3061 110111ῐῦ1115
592 2995 658 3061 fide
680 2998 797 3082 ‘lignis‘
808 3011 907 3062 1101118
930 3010 1019 3062 ⁸⁰⁰⁸·
1198 3013 1410 3078 ‘confirmare
1434 3013 1562 3089 Fidem,
1593 3025 1626 3077 et
1648 3025 1811 3092 statuere,
1834 3015 1923 3099 quod
1949 3014 2015 3079 hoe
2035 3027 2194 3101 tanquam

1212 3108 1352 3185 pignere
1374 3121 1435 3164 seu
1458 3097 1568 3185 sigillo
1589 3098 1693 3164 Filius
1717 3099 1779 3164 Dei
1799 3120 1837 3164 se
1859 3101 1917 3164 tibi
1939 3099 2108 3186 applicare
2130 3122 2194 3166 sua

1214 3185 1375 3269 beneficia
1397 3198 1554 3264 testetur,
1584 3188 1671 3251 sicut
1699 3198 1732 3250 et
1754 3185 1879 3251 Paulus
1902 3186 2211 3273 circumcisionem.

1212 3269 1359 3356 appellat
1378 3270 1528 3357 Sigillum
1552 3271 1709 3351 iustitiae,
1731 3274 1845 3350 idest,
1868 3277 2090 3339 testimouium
2114 3294 2193 3337 cou-
2240 3303 2251 3313 ·

1212 3357 1348 3438 firrrpans
1372 3379 1446 3423 nos.
1491 3359 1615 3422 Postea
1638 3359 1721 3423 haec
1744 3356 1922 3443 applicatio
1951 3361 2057 3446 magis
2081 3357 2193 3423 decla·

1211 3457 1312 3508 retur.
1357 3443 1405 3509 lta
1431 3442 1468 3506 iit
1497 3442 1673 3528 applicatio
1701 3444 1955 3522 beneficiorum,
1983 3459 2019 3510 ut
2049 3447 2193 3510 credens

1212 3531 1375 3595 inseratur
1398 3528 1552 3607 Christo,
1582 3543 1615 3593 et
1643 3529 1700 3594 fiat
1723 3532 1794 3595 eius
1817 3533 2015 3609 membrum,
2045 3543 2078 3595 et
2100 3530 2194 3595 tessi-

1212 3616 1354 3679 monium
1382 3613 1520 3692 habeat,
1555 3616 1645 3699 quod
1674 3613 1775 3678 Filius
1798 3615 1863 3679 Dei
1886 3618 2104 3699 assumpserit
2133 3614 2193 3680 bu·

1212 3721 1343 3764 marram
1360 3714 1511 3764 naturum
1533 3714 1671 3784 propter
1692 3700 1791 3779 NOS,
1815 3712 1852 3765 ut
1873 3721 1936 3765 nos
1958 3702 2022 3764 sibi
2045 3703 2192 3767 insertos
2248 3707 2252 3713 '

1212 3799 1366 3869 tanquam
1390 3783 1545 3848 surculos
1568 3799 1691 3864 servet,
1719 3808 1794 3850 cunr
1816 3798 1918 3893 tatum
1943 3807 2050 3890 genus
2080 3786 2193 3853 huma·

182 3928 271 3985 taum
319 3933 352 3986 et
380 3922 446 3984 eris
469 3919 560 3987 velut
579 3921 696 3988 hortus
724 3924 870 3988 trrtouus
927 3926 978 3988 Ad
1002 3922 1064 3988 lras
1086 3944 1161 3988 sen·
1211 3891 1288 3935 Μ
1311 3869 1460 3935 summus
1488 3872 1667 3975 ''mllumm
1690 3867 1827 3950 saisset’
1846 3873 1918 3976 .¹¹l⁵¹
1949 3895 2022 3957 ¹9⁸⁰
2046 3894 2193 3977 ¹¹¹⁸⁸⁸⁸l¹¹

279 3967 289 3999 '
429 3969 435 3980 ⁸
680 3974 685 3982 '
784 3976 805 4009 0
871 3968 880 3986 ‘
1211 3967 1358 4023 nostram
1387 3969 1641 4041 assumpsisset,
1675 3969 1797 4022 etuas
1827 3960 2089 4025 srbrirrsereret.
2134 3958 2192 4023 Sro

182 4007 303 4071 tentius
325 4009 478 4093 congruit
499 4006 593 4073 Pauli
612 4010 748 4074 ‹ttcrurm
771 4009 807 4074 Si
836 4008 899 4073 nos
928 4011 1159 4088 indicaremus,
1211 4041 1760 4127 pgppm.1,r0de5tsunlptpo,etfit
1788 4041 1992 4124 dulcissima,
2023 4067 2097 4111 cum
2126 4045 2191 4110 ho,
2252 4071 2255 4077 .

183 4112 250 4161 uon
282 4092 501 4158 iudicaremur
522 4115 543 4157 a
570 4092 725 4159 Domino.
769 4091 984 4179 Et·loquitur
1012 4097 1054 4158 de
1080 4116 1161 4199 vera
1210 4127 1338 4193 fructus
1361 4131 1557 4214 cogpmmus·

184 4179 412 4243 conversione.
457 4178 499 4242 Et
528 4177 765 4244 consolationis
799 4200 901 4244 eausa
933 4201 1037 4265 saepe
1070 4201 1160 4266 cugr·
1235 4224 1240 4231 ·

267 3149 416 3215 Necesse
444 3163 498 3215 est
520 3151 619 3236 igitur
646 3172 780 3215 errores
808 3152 850 3215 de
872 3149 1162 3217 Satist'actionibus

181 3238 300 3315 taxari,
323 3248 355 3300 et
377 3236 582 3301 restituenda
600 3248 651 3300 est
672 3239 761 3301 ditato
788 3235 927 3302 Paulino
951 3241 1060 3317 nativa
1087 3259 1162 3302 serr·
1196 3282 1198 3289 -

181 3323 285 3387 tentia
313 3320 514 3388 dulcissima.
560 3322 633 3387 lloc
661 3323 747 3387 euim
770 3323 886 3401 docet,
916 3324 1059 3412 mitigari
1082 3343 1161 3409 poe·

181 3488 314 3572 Davidi,
336 3488 527 3574 blanassae,
549 3493 702 3559 Ninivitis
726 3495 915 3580 mitigantur
936 3517 1066 3579 paenae
1083 3507 1160 3578 post

182 3583 447 3645 conversionem.
492 3579 586 3644 Sicut
609 3592 642 3644 et
663 3582 696 3644 iu
720 3580 882 3645 Zacharia
906 3582 1039 3646 dicitur:
1073 3582 1160 3646 Cur.-

181 3665 344 3728 vertimini
366 3665 408 3728 ad
432 3686 502 3742 ure,
531 3676 563 3729 et
587 3680 765 3731 convertar
792 3667 834 3729 ad
858 3687 930 3730 vos.
975 3666 1018 3730 Et
1040 3666 1161 3730 Esaiae

182 3747 235 3813 33.
258 3751 392 3816 dicitur:
416 3749 569 3824 Panisci
592 3753 737 3816 dabitur:
757 3751 883 3837 Regem
907 3754 938 3816 in
959 3754 1080 3817 decore
1098 3772 1159 3816 suo

182 3835 315 3900 videbit.
365 3835 407 3899 Et
435 3833 555 3901 Esaiae
587 3837 641 3902 58.
691 3837 824 3923 Frange
857 3839 1013 3903 esurienti
1043 3859 1160 3923 panem

26 4300 31 4308 ·
69 4261 75 4271 '
183 4265 316 4328 tandum
334 4276 402 4343 est,
425 4276 461 4328 ut
483 4266 648 4343 sciamus,
676 4264 784 4330 Deum
807 4285 933 4349 poenas
967 4265 1160 4353 corporales
1296 4263 1321 4326 1.
1366 4263 1522 4342 Primum,
1546 4274 1620 4328 cum
1631 4263 1777 4329 Fidesin
1800 4267 2022 4331 conversione
2045 4267 2191 4331 intuetur

181 4349 333 4434 mitigare
352 4350 406 4429 iis,
428 4352 551 4436 quiad
567 4351 675 4435 ipsum
697 4363 944 4417 convertuntur.
1210 4347 1326 4415 Filium
1339 4347 1415 4428 Dei,
1437 4348 1678 4429 testificantem,
1701 4371 1739 4415 se
1761 4352 1818 4414 tibi
1836 4348 2004 4434 applicare
2022 4352 2190 4417 remissio·

842 4468 847 4477 ·
1210 4454 1295 4499 uerrr.
1320 4434 1448 4500 Deinde
1471 4433 1711 4513 testificantem,
1733 4456 1771 4500 se
1787 4438 1862 4501 ideo
1880 4441 2109 4520 assumpsisse
2130 4436 2190 4503 bu·
2242 4440 2248 4449 '

1183 4498 1187 4582 l
1211 4541 1339 4584 menam
1357 4533 1520 4598 neutram,
1542 4532 1578 4585 ut
1592 4531 1757 4586 sustentet
1767 4541 1844 4598 nos,
1866 4519 2003 4609 colligat
2020 4534 2189 4591 aeternam
2276 4516 2281 4523 ¹

328 4648 329 4652 ψ
388 4644 463 4728 aa
502 4641 696 4729 cocus
732 4645 953 4732 noum
1209 4602 1425 4756 authu
1440 4605 2190 4783 hi‘astuterunt,hita

386 4802 391 4812 -
459 4837 468 4852 ·
876 4835 885 4853 ‚
917 4836 926 4853 ,
1211 4786 1245 4841 et
1266 4778 1431 4863 gubernet
1451 4797 1522 4846 eos.
2199 4868 2202 4875 ³

390 4832 500 4938 de
520 4845 584 4917 est
608 4830 748 4917 coena
763 4833 954 4922 Domini?
1165 4961 1168 4968 ι
1249 4919 1253 4927 “
1296 4912 1335 4981 ll.
1380 4915 1537 4982 Secundo
1559 4915 1698 4980 accedat
1719 4913 1908 4990 Gratiarum
1929 4916 2018 4983 actio
2046 4934 2106 5000 pro
2129 4911 2189 4981 lilii

268 4996 331 5065 cs
351 4999 603 5066 communicatio
619 5000 773 5084 eorporis
790 5010 824 5066 et
840 5001 1015 5088 sanguinis
1025 4998 1159 5066 Domini
1210 5002 1386 5081 missione,
1415 5022 1477 5087 pro
1505 5001 1731 5087 assumptione
1757 4998 1920 5068 humanae
1948 5015 2099 5080 uatruae,
2124 5018 2188 5086 pre

136 5130 141 5139 -
182 5071 291 5176 nostrl
309 5083 389 5152 lesu
408 5083 551 5166 Christi,
570 5087 658 5152 sicut
677 5086 712 5151 br
732 5087 846 5152 verbis
866 5085 1042 5181 Evangelii
1067 5087 1160 5153 iusti·
1209 5087 1315 5170 ipsius
1341 5088 1517 5172 passione,
1546 5106 1609 5172 pro
1641 5087 1883 5172 redemptione,
1913 5107 1976 5173 pro
2009 5087 2188 5157 domam·
