4628 5588
696 1766 846 1933 nn
889 1731 1638 1933 cannuensis

839 2044 1075 2131 PlilLlPP.
1115 2041 1489 2131 martinon.

1006 2213 1172 2303 Anno
1211 2219 1335 2302 t548.
1388 2313 1398 2322 ‚

250 2536 287 2603 lu
316 2492 481 2604 Ecclesiis
502 2533 650 2616 nostris,
682 2533 747 2601 Dei
769 2533 947 2616 beneficio,
967 2533 1146 2623 praecipue
1198 2544 1233 2600 et
1252 2528 1363 2600 euiert
1379 2542 1520 2600 mortem
1538 2542 1723 2601 eetemamr
1744 2542 1854 2601 nmen
1870 2545 2010 2624 propter
2024 2534 2187 2608 iustitiam

167 2633 258 2692 extat
289 2620 429 2689 illustris
457 2621 633 2707 explicatio
663 2623 837 2689 doctrinae
866 2623 908 2687 de
933 2623 1147 2709 poenitentia,
1198 2618 1328 2707 aliquus
1351 2642 1480 2707 poenas
1501 2622 1650 2709 imponit,
1673 2633 1706 2687 ct
1726 2632 1765 2689 ιιι
1785 2622 1892 2709 ipsius
1913 2624 2054 2706 iustitie,
2077 2638 2112 2692 et
2133 2627 2189 2694 ire

61 2771 66 2780 .
163 2711 255 2778 sicut
280 2711 423 2775 maxime
444 2711 671 2776 necessarium
694 2722 747 2774 est
775 2729 850 2773 eum
878 2706 990 2774 locum
1011 2710 1147 2774 notissi·
1169 2754 1173 2762 -
1198 2708 1363 2772 adversus
1380 2709 1795 2795 peccataconspicianturc
1816 2720 1921 2776 totum
1944 2732 2051 2798 genus
2068 2713 2187 2781 hume·

163 2819 252 2865 nrum
275 2815 355 2862 csse
374 2797 410 2862 in
431 2794 607 2874 Ecclesia,
635 2796 713 2882 quia
731 2794 964 2882 complectitur
985 2815 1147 2861 summam
1198 2815 1278 2860 num
1298 2792 1515 2862 horribilibus
1536 2796 1677 2862 miseriis
1695 2798 1729 2862 in
1750 2795 1818 2862 hec
1836 2797 1907 2864 vita
1926 2809 2055 2872 oneret.

162 2879 358 2987 Evangelii,
371 2895 405 2948 et
426 2893 591 2948 monstrat
618 2882 832 2966 praecipuum
855 2881 1052 2947 beneficium
1073 2880 1147 2946 Filii
1701 2921 1708 2930 ·

164 2968 241 3047 Dei,
263 2989 330 3034 rmo
351 2980 390 3035 ιιι
411 2969 535 3035 initium
557 2965 618 3033 init
639 2966 813 3034 Ecclesiae
835 2979 990 3055 receptae
1001 2969 1035 3033 in
1052 2987 1148 3053 para·
1286 2963 1324 3030 ln
1343 2962 1397 3031 his
1414 2965 1532 3051 poenis
1554 2976 1665 3032 tamen
1685 2967 1887 3051 promittitur
1906 2965 2083 3035 Ecclesiae
2102 2990 2187 3038 con·

163 3057 239 3124 diso
272 3056 425 3119 doctrina
457 3055 501 3119 de
530 3055 749 3139 poenitentias
783 3052 832 3119 lte
865 3074 998 3138 semper
1030 3055 1147 3118 ecdem
1199 3048 1334 3130 solatio,
1367 3062 1405 3116 ut
1432 3064 1512 3118 tuuc
1536 3051 1631 3117 Deus
1652 3054 1726 3138 ipse
1755 3056 1857 3120 vestit
1877 3056 2003 3140 primos
2025 3068 2186 3142 panemos

163 3142 265 3207 modo
287 3142 320 3205 iu
333 3137 491 3206 Ecclesia
511 3158 634 3207 sonare
656 3138 742 3206 haec
763 3162 830 3206 vox
852 3142 953 3207 dehet
974 3160 1083 3226 usque
1104 3141 1149 3207 ed
1199 3134 1290 3224 pelle
1311 3138 1464 3203 detracta
1486 3139 1529 3204 ab
1547 3138 1692 3220 ovicula,
1714 3161 1780 3226 que
1798 3142 1942 3229 imagine
1960 3141 2185 3229 significatum

133 3234 136 3239 ’
162 3227 456 3293 resurrectionem.
1199 3237 1255 3289 est
1276 3219 1432 3306 futurum,
1454 3237 1492 3290 ut
1513 3226 1611 3291 novis
1633 3227 1831 3311 corporibus
1841 3230 2035 3311 vestiamur,
2057 3239 2092 3298 ct
2111 3230 2186 3317 qui·

574 3368 582 3379 ,
1200 3311 1277 3377 dem
1297 3312 1417 3377 sumtis
1439 3312 1591 3399 chagno
1613 3309 1762 3379 Christo.

102 3438 134 3464 .-
249 3396 293 3464 Et
326 3395 467 3485 intelligi
503 3391 647 3463 lacilime
678 3399 802 3480 poterit
839 3396 937 3464 huius
977 3396 1149 3463 doctrinae

87 3482 101 3495 '
165 3504 306 3564 summa,
323 3487 353 3550 si
374 3487 516 3571 primum
534 3479 720 3567 exemplum
738 3485 930 3569 aspiciatur,
954 3485 1149 3567 ibiprimum
1286 3480 1383 3547 Hanc
1410 3492 1514 3549 totam
1539 3482 1711 3550 historiam
1738 3483 1878 3570 prodest
1903 3483 2100 3571 saepissime
2128 3506 2185 3553 co·

168 3572 318 3657 arguitur
351 3568 527 3656 peccatum
550 3589 636 3637 voce
664 3568 747 3648 Dei,
779 3582 814 3636 et
842 3591 909 3636 non
939 3571 1073 3635 dubium
1096 3579 1150 3635 est
1200 3569 1323 3654 gitare,
1355 3580 1392 3633 ut
1419 3569 1486 3634 hoc
1507 3570 1581 3655 ipso
1603 3567 1754 3655 exemplo
1776 3591 1840 3635 nos
1869 3571 1912 3636 de
1932 3574 2086 3638 omnibus
2106 3594 2186 3659 pun

166 3657 458 3734 accusante-Deo,
489 3669 524 3721 et
545 3667 688 3720 sonante
709 3655 785 3740 ipso
807 3658 1027 3723 tristissimam
1049 3677 1148 3721 accu·
1199 3656 1289 3720 tibus
1306 3656 1547 3741 poenitentiae,
1568 3675 1630 3722 seu
1653 3657 1885 3723 conversionis
1907 3655 2187 3726 commonefacie-

167 3745 353 3822 sationem,
381 3740 585 3808 horribiliter
606 3762 834 3828 expavescere
855 3743 1034 3809 humanum
1055 3754 1149 3808 natu·
1199 3760 1285 3806 mus.
1328 3740 1409 3807 item
1436 3753 1474 3807 ut
1496 3742 1572 3807 inde
1594 3743 1762 3809 discamus
1790 3754 1870 3810 tunc
1891 3743 2081 3811 inchoatum
2102 3764 2187 3814 esse

167 3850 250 3894 ram.
294 3826 343 3895 lta
374 3829 513 3914 primum
547 3829 652 3894 extitit
684 3829 839 3895 contritio
872 3842 951 3895 tunc
977 3829 1148 3914 inprimis
1199 3827 1414 3892 ministerium
1433 3824 1629 3917 Evangelii,
1650 3830 1683 3894 in
1728 3849 1772 3894 uo
1794 3849 1929 3914 semper
1949 3851 2018 3896 una
2038 3852 2105 3897 vox
2127 3852 2186 3899 so·

114 3971 117 3975 ,
167 3916 372 4001 parentibus.
415 3913 459 3979 Et
479 3916 556 4001 quid
579 3915 624 3978 sit
645 3917 812 3994 contritio,
830 3915 1093 4002 quomodo‘liat‚
1114 3916 1147 3979 in
1198 3924 1258 3978 nat
1279 3933 1427 3979 araneus
1450 3928 1605 4000 peccata,
1630 3924 1664 3982 et
1685 3852 1831 3983 chereas
1852 3916 2084 3985 remissionem
2104 3937 2186 4006 pro·

167 4004 285 4079 eodem
319 3998 471 4087 exemplo
505 4000 656 4085 conspici
687 4013 818 4087 ‚potest
861 4003 1005 4067 Accedit
1035 4002 1081 4066 ihi
1114 4012 1148 4066 et
1198 4011 1272 4085 pter
1290 3997 1330 4064 Fi
1345 4001 1423 4067 hm.

169 4085 340 4155 consessio
385 4088 513 4166 cecati,
535 4089 614 4174 quia
639 4107 758 4152 revera
782 4107 895 4154 curam
917 4088 993 4153 Deo
1015 4097 1148 4174 oportet

169 4174 272 4280 hanc·
290 4109 537 4242 coalesstoncm
569 4174 661 4255 fieri,
692 4193 756 4240 nos
789 4195 869 4240 reos
896 4194 974 4241 esse
1000 4186 1035 4240 et
1060 4175 1147 4239 iuste
1170 4138 1177 4305 Ι

90 4292 94 4299 '
164 4280 284 4348 P¹¹¹¹¹¹⁴¹f

1284 4171 1412 4236 Verum
1440 4190 1509 4235 non
1531 4180 1658 4237 tantum
1686 4172 1720 4237 ln
1741 4172 1808 4238 hac
1829 4174 1957 4241 receuti
1977 4186 2088 4243 aetate
2107 4174 2185 4245 hio·

1198 4257 1402 4335 pachorum,
1434 4258 1615 4323 obscurata
1647 4254 1710 4325 luit
1731 4260 1883 4326 doctrina
1905 4260 1948 4327 de
1978 4266 2186 4347 poenitentia

1197 4342 1309 4409 multis
1331 4341 1544 4430 labyrinthis,
1572 4355 1606 4409 et
1628 4342 1724 4411 falsis
1746 4347 1976 4431 opinionibus,
1999 4351 2061 4415 sed
2083 4352 2186 4421 etiam

220 4456 233 4468 ⁶
252 4430 384 4497 Deinde
405 4441 548 4497 sonante
569 4390 790 4515 promissio*
816 4431 1018 4517 recipiuntur
1039 4429 1148 4496 Adam
1197 4431 1341 4497 vetustis
1364 4427 1489 4495 seculis
1511 4431 1646 4516 quando
1660 4429 1817 4497 (iunones
1831 4430 2097 4501 satisfactionum
2109 4436 2185 4505 cre·

73 4565 75 4569 .
166 4527 201 4580 et
212 4510 318 4597 licre,
341 4515 427 4583 haec
444 4528 499 4583 est
515 4515 712 4597 absoluto,
730 4538 797 4620 qua
813 4519 935 4595 audita,
958 4518 1150 4584 accenditur
1199 4513 1393 4582 rerunthac
1406 4516 1640 4599 superstitiosa
1660 4521 1890 4603 persuasione,
1912 4521 2001 4605 quod
2013 4541 2185 4589 mereren-

167 4602 272 4681 iides,
305 4623 370 4688 qua
399 4614 592 4690 agnoscunt
620 4623 659 4668 se
680 4605 783 4690 recrpi
806 4624 865 4691 per
886 4604 1149 4672 misericordium
1200 4612 1254 4667 tur
1275 4600 1504 4667 remissionem
1526 4615 1759 4687 pcccatorum,
1781 4619 1861 4672 tunc
1883 4626 2016 4692 quoque
2037 4629 2185 4697 magnae

189 4700 305 4773 ropter
325 4704 440 4755 semen
462 4691 674 4776 promissum,
692 4701 725 4754 et
746 4692 779 4758 in
802 4692 905 4757 corde
927 4708 1150 4755 novaconsc·
1200 4690 1362 4755 tenebrae
1383 4684 1527 4755 fuerunt.
1572 4688 1642 4755 Sed
1664 4691 1698 4755 in
1720 4692 1998 4780 disputationibus
2016 4692 2184 4763 recenlio-

214 4777 263 4855 io,
296 4787 350 4841 est
371 4774 539 4842 inchoatio
572 4795 681 4843 novae
708 4778 933 4857 obedientiae,
966 4796 1053 4864 quae
1084 4777 1151 4842 iarn
1200 4775 1248 4840 ris
1270 4776 1409 4854 aetatis,
1434 4771 1518 4924 plus
1547 4772 1610 4843 luit
1637 4777 1913 4845 inextricabilium
1934 4780 2184 4866 quaestionum,

165 4860 279 4952 placet
307 4859 394 4928 Deo.
439 4862 488 4927 lta
516 4857 607 4929 lacta
628 4873 682 4927 est
702 4864 834 4951 integra
856 4863 1044 4931 conversio.
1088 4861 1150 4927 lm·
1201 4872 1234 4927 et
1257 4861 1392 4927 ornninu
1404 4862 1432 4925 si
1448 4862 1571 4928 entium
1593 4856 1655 4927 suit
1671 4864 1714 4930 de
1732 4862 1798 4930 ilde
1816 4864 1999 4949 accipiente
2012 4868 2183 4935 remissio·

166 4959 336 5035 ponuntur
357 4958 391 5014 et
409 4967 557 5043 poenae,
586 4944 741 5017 videlicet
768 4972 860 5017 mors
892 4967 925 5017 et
951 4949 1039 5016 aliae
1060 4945 1151 5014 calu·
1200 4966 1275 5013 nem
1297 4960 1524 5032 pcccatorum.
1569 4950 1645 5015 ldeo
1671 4971 1741 5016 non
1761 4950 1897 5017 dubium
1918 4963 1973 5017 est
1995 4948 2101 5019 fuisse
2121 4976 2183 5023 ne·

166 5035 300 5103 unitates
316 5032 416 5101 holus
437 5034 538 5116 ritae,
556 5034 634 5123 quia
649 5032 745 5104 Deus
766 5040 833 5105 etsi
852 5037 987 5105 remittit
1005 5032 1149 5124 culpam,
1200 5038 1385 5100 cessariam
1406 5031 1661 5123 explicationem
1680 5054 1783 5106 verae
1802 5037 1977 5107 doctrinae
2002 5041 2047 5108 de
2065 5043 2183 5129 poem-
