4628 5588
34 239 36 249 A
152 146 218 215 mo
430 168 438 179 ·
507 172 510 179 ·
673 145 729 212 rx.
755 142 1026 212 aurumne
1050 143 1271 242 sensuum
1293 145 1475 214 cunum
1497 146 1668 216 norrun.
1948 82 2006 175 ’·
2064 149 2168 219 -rru

27 430 30 440 Ι
150 305 324 405 horribilis
343 304 579 439 blasphema,
602 330 835 485 trihuerefihoc
856 285 949 418 operi
971 336 1130 423 sacerdo·
1180 332 1271 402 clare
1305 337 1467 442 ostendit,
1498 338 1591 488 CM
1623 336 1729 442 Missa
1761 360 1829 406 non
1857 343 1964 427 possit
1991 361 2070 408 esse
2094 339 2161 409 tale

148 441 208 576 'ii‘
226 418 739 586 titlrttrtittilitttt
777 423 1130 572 hialim
1181 441 1295 605 iiiii,
1324 424 2024 599 ”ti⁸¹‘tetttttttttttttttt
2045 427 2163 580 {3¹32}

151 596 262 665 licium
283 592 389 663 semel
410 590 534 671 iactum
556 614 625 658 non
646 593 728 657 satis
750 606 794 658 srt
815 593 859 658 ad
882 582 1031 659 tollenda
1051 614 1130 680 pec·
1182 613 1261 659 vcra
1283 594 1416 659 ethnice
1436 599 1630 681 persuasio,
1658 619 1745 685 quae
1767 598 1863 685 lingit
1883 599 2024 665 Missam
2044 597 2161 671 valere
2232 622 2240 631 ·
2261 663 2265 668 .

152 695 239 764 cata,
272 695 304 748 et
336 681 574 766 impetrandam
607 679 851 754 remissionem,
885 692 943 745 aut
965 679 1050 747 lldee
1072 679 1131 745 niti
1180 699 1242 764 pro
1264 677 1338 745 aliis
1361 701 1404 745 ex
1425 701 1528 767 ppere
1549 696 1699 776 operato,
1722 704 1862 770 prorsus
1875 682 2084 771 explodenda
2106 700 2161 753 est

153 773 276 837 debeat
297 788 399 855 opere
422 767 620 834 sacerdotis.
1182 786 1224 830 ex
1245 762 1408 832 Ecclesia.

400 1024 422 1067 ’
1524 1065 1662 1150 resa
1691 1066 1822 1150 mea

468 1163 658 1250 Secunde
688 1165 819 1250 Ratio.
1491 1203 1496 1215 x
1835 1230 1839 1238 .

392 1352 398 1361 ⁶
1269 1280 1435 1364 Opinione
1474 1279 1652 1347 oblationis
1684 1294 1718 1348 et
1757 1280 1990 1367 applicationis
2025 1282 2165 1368 Missae,

237 1369 275 1435 ln
296 1367 385 1433 novo
407 1361 622 1430 'fondamento
643 1361 755 1431 nullus
777 1362 901 1446 cuitus,
924 1363 1017 1432 nulla
1039 1384 1132 1433 cere·
1183 1363 1376 1452 simpliciter
1406 1379 1533 1454 pugnat
1564 1367 1652 1434 cunr
1673 1369 1825 1437 doctrina
1858 1372 1901 1437 de
1929 1372 2051 1438 iustitia
2074 1371 2165 1454 lldei,

37 1454 44 1467 '
151 1457 260 1522 monia
282 1451 373 1521 valet
395 1472 437 1517 ex
456 1470 557 1536 opere
574 1466 731 1538 operato:
765 1450 880 1526 Quare
911 1471 973 1518 nec
996 1448 1131 1518 facienti
1183 1474 1268 1539 quae
1301 1454 1413 1528 docet,
1447 1454 1537 1541 quod
1560 1456 1789 1521 remissionem
1809 1471 2023 1543 peccatorum
2047 1478 2165 1524 conse-

151 1553 297 1608 meretur
329 1539 577 1617 remissionem,
609 1557 673 1603 nec
706 1549 817 1623 potest
845 1539 890 1604 'ad
914 1537 1009 1604 licari
1042 1534 1129 1605 aliis.
1183 1538 1323 1624 quemdr
1344 1535 1435 1604 nulia
1457 1561 1494 1605 re
1517 1542 1578 1605 nisi
1601 1540 1679 1620 lide,
1702 1562 1789 1628 quae
1806 1542 2165 1612 steintunam-notu
2260 1607 2262 1610 .

46 1699 49 1707 ,
150 1628 235 1695 Nam
270 1632 394 1692 novum
423 1635 656 1707 testamentpm
686 1561 956 1710 requirit-cullas
979 1626 1131 1710 spiritua·
1180 1626 1359 1713 ignoscere
1380 1639 1519 1711 propter
1540 1625 1707 1695 Christum
1754 1629 1847 1709 ratis,
1869 1650 1936 1695 non
1958 1629 2166 1716 propter-nl·
2250 1690 2254 1699 .

151 1715 214 1793 les,
237 1711 405 1791 videlicet,
428 1729 528 1776 veros
551 1727 661 1776 motus
683 1711 805 1784 cordis,
828 1709 1065 1790 veramfidem,
1082 1713 1132 1776 in·
1181 1709 1248 1778 lum
1271 1732 1357 1797 opus
1380 1709 1434 1778 vel
1456 1724 1607 1779 nostrum
1628 1711 1684 1780 vel
1739 1717 1855 1780 iorum.
1884 1715 1976 1781 llaec
1998 1716 2083 1782 fides
2107 1738 2165 1782 so·

150 1802 370 1879 occationem,
403 1798 491 1862 sicut
514 1793 679 1862 Christus
702 1798 807 1882 inquit
839 1796 929 1862 loan.
952 1799 997 1861 4ae
1050 1796 1132 1863 Veri
1179 1794 1214 1863 la
1234 1799 1338 1865 vincit
1360 1806 1517 1864 terrores‘
1532 1802 1661 1884 peccati
1683 1803 1855 1867 etmortis.
1899 1801 1961 1867 Est
1982 1803 2081 1889 igitur
2103 1805 2174 1890 itu-⁴

150 1888 349 1953 adoratores
368 1885 556 1951 adorabunt
577 1883 707 1948 Patrem
729 1884 763 1948 ie
785 1884 902 1968 spiritu
923 1896 957 1948 et
979 1885 1128 1962 veritate,
1180 1885 1301 1969 pietas,
1323 1886 1448 1949 sentire
1471 1888 1561 1971 quod
1582 1899 1721 1973 propter
1741 1907 1827 1972 opus
1849 1887 2036 1954 sacerdotis
2068 1890 2186 1957 detur‘

90 2020 96 2031 .
151 1992 227 2040 nem
249 1984 282 2040 et
304 1973 404 2037 Pater
420 1969 506 2036 tales
523 1970 672 2055 requirit,
694 1971 751 2055 qui
764 1971 906 2036 adorent
920 1989 1010 2035 eum:
1034 1968 1130 2036 Dcue
1179 1971 1332 2041 remissio
1354 1981 1577 2063 peccatorum.
1607 1972 1649 2037 Et
1666 1974 1798 2078 quidem
1821 1985 2164 2042 accesserestunum·

151 2071 204 2125 est
224 2060 373 2144 spiritns,
393 2068 426 2122 et
450 2079 510 2123 eos
533 2056 589 2141 qni
610 2056 753 2120 adorant
775 2075 871 2134 eum,
904 2057 938 2120 in
960 2056 1077 2140 spiritu
1096 2065 1130 2120 et
1181 2076 1348 2142 quemque
1369 2057 1593 2142 propriefide
1615 2079 1769 2144 accipere
1791 2061 2020 2126 remissionem
2042 2081 2163 2147 peccc-

150 2147 291 2211 veritate
305 2147 449 2229 'oportet
471 2145 622 2209 adorare·
690 2140 732 2205 lit
749 2139 903 2225 Apostoli
936 2142 1058 2207 Petrus
1088 2160 1133 2207 ae
1180 2153 1299 2220 torum,
1322 2163 1383 2208 seu
1404 2141 1538 2209 liberari
1559 2165 1580 2210 a
1601 2157 1743 2228 peccato
1765 2157 1927 2225 etmorte,
1949 2148 2038 2212 sicut
2060 2158 2169 2212 testam

152 2229 279 2296 Paulus
305 2230 512 2316 praecipiunt
545 2228 708 2313 praestari
733 2225 818 2293 tales
845 2225 954 2294 cultus
978 2229 1130 2312 spiritua·
1180 2240 1235 2294 tur
1255 2229 1377 2296 dictem
1399 2229 1557 2296 Abacuc:
1589 2229 1702 2296 iustus
1724 2229 1791 2296 tide
1813 2252 1875 2297 sua
1903 2234 2003 2300 vivet.
2072 2231 2163 2319 Ergo

152 2312 217 2395 les,
250 2316 282 2380 ld
315 2326 378 2395 est,
410 2336 478 2381 nun
511 2326 684 2379 externam
715 2333 854 2399 operum
876 2310 1130 2393 simulationem,
1179 2335 1248 2379 nun
1268 2315 1408 2400 prodest
1429 2311 1572 2382 alienum
1594 2335 1679 2402 opus
1701 2319 1887 2383 sacerdotis
1920 2320 1964 2384 ad
1995 2320 2163 2385 remissio·

153 2401 213 2467 sed
235 2420 334 2467 veroa
357 2413 465 2467 motus
483 2401 609 2479 cordis,
631 2397 742 2480 fidem,
763 2401 926 2479 timorem,
948 2401 1130 2466 invocatio·
1180 2421 1267 2479 nem,
1299 2401 1361 2466 scd
1383 2420 1445 2468 sna
1467 2403 1608 2490 quisque
1632 2401 1699 2468 tide
1720 2401 1940 2488 apprehendit
1963 2404 2162 2471 beneficium

150 2506 226 2552 nem
244 2497 278 2552 et
298 2485 460 2573 reliquos.
502 2487 575 2553 Nec
596 2484 731 2572 placent
752 2484 827 2552 Dec
850 2487 1130 2552 ceremoniaesen
1180 2484 1316 2552 Christi.
1361 2486 1454 2553 llaec
1475 2489 1561 2555 ratio
1582 2486 1673 2554 clare
1694 2487 1951 2574 adplicationem
1974 2492 2163 2558 sacerdotis

19 2588 26 2595 ·
150 2574 404 2639 observationes
427 2575 514 2659 quae
535 2575 617 2638 finnt
640 2575 713 2637 sine
734 2573 800 2638 hae
821 2593 903 2637 vera
920 2569 1006 2652 luce,
1030 2582 1064 2638 et
1086 2572 1130 2635 si·
1180 2572 1314 2651 refutat,
1347 2585 1381 2637 et
1401 2575 1580 2658 perspicue
1601 2576 1762 2654 ostendit,
1791 2568 1891 2643 fidem
1913 2588 2040 2644 tantum
2062 2578 2163 2644 unico

30 2720 34 2726 .
150 2678 195 2724 ne
210 2661 296 2725 vivis
317 2660 464 2725 motibus
487 2660 611 2733 cordis,
643 2669 827 2742 quaesunt
849 2677 929 2722 vere
951 2658 1049 2735 fides,
1082 2659 1131 2722 in·
1180 2655 1305 2722 Christi
1326 2658 1492 2723 sacrificio
1513 2662 1584 2739 niti,
1612 2661 1732 2747 inquo
1754 2663 1828 2746 ipse
1850 2682 1928 2728 sese
1951 2662 2041 2728 Patri
2065 2667 2163 2730 obtu-

149 2746 285 2812 vocatio
308 2756 341 2808 et
362 2743 490 2811 similes
512 2754 621 2809 motus
644 2758 708 2806 ete.
773 2741 888 2815 Quare
908 2763 1010 2828 saepe
1031 2746 1130 2808 etiam
1179 2741 1229 2822 lit,
1253 2756 1287 2811 et
1302 2746 1473 2829 pronohis
1488 2742 2002 2852 lactusestvictima,pronohis
2015 2750 2166 2831 roravit,

149 2831 184 2897 iu
205 2829 384 2927 Prcphptis
406 2832 623 2919 repudientur
644 2825 728 2893 tales
747 2826 857 2893 cultus
890 2848 1040 2913 operum,
1073 2829 1130 2915 qui
1179 2831 1266 2895 sicut
1288 2830 1410 2916 inquit=
1433 2830 1504 2895 Oro
1522 2845 1633 2898 autem
1650 2853 1717 2899 nou
1734 2853 1795 2921 pro
1809 2852 1858 2899 ers
1871 2845 2008 2913 tantum,
2023 2801 2085 2900 sel
2100 2856 2163 2923 pro

151 2917 321 3004 seliguntur
343 2937 422 2982 esse
442 2915 553 2984 cultus
576 2936 617 2981 en
640 2933 742 3002 opere
764 2926 913 2998 operatu.
944 2915 1131 2980 Hieremiae
1179 2918 1333 2982 omnihus
1356 2915 1411 3003 qni
1427 2919 1584 2985 credituri
1604 2931 1682 2983 sunt
1693 2921 1904 3005 perverbum
1920 2939 2046 2985 eorum.
2068 2918 2165 2986 llaec

151 3003 184 3067 7.
228 3004 305 3071 Non
327 3024 401 3068 snm
422 3001 555 3069 locutus
577 3003 728 3086 patribus
750 3001 873 3066 vestris
893 3002 928 3066 in
958 3002 1028 3080 die,
1063 3020 1130 3087 qua
1180 3014 1233 3067 est
1253 3006 1340 3069 enim
1356 3024 1424 3069 vox
1457 3001 1582 3071 Christi
1607 3003 1806 3091 adplicantis
1833 3026 1929 3072 suum
1958 3005 2187 3087 sacrificiunt,
2259 3065 2265 3078 „

150 3090 248 3156 eduxi
270 3108 331 3155 eos
353 3090 507 3157 deterre
528 3089 692 3176 Aegypti,
724 3089 767 3153 de
789 3084 998 3154 holocaustis
1027 3099 1060 3154 et
1080 3087 1129 3154 vi·
1178 3106 1242 3176 pro
1262 3091 1373 3156 noble.
1415 3096 1417 3100 ’
2246 3082 2254 3099 '

151 3176 272 3256 etimis,
294 3175 357 3240 scd
378 3174 447 3241 lme
466 3177 604 3242 verbum
632 3194 754 3261 praece
779 3175 789 3238 l
815 3176 866 3239 eis
893 3176 1027 3240 dicens:
1061 3173 1130 3239 Au·

151 3263 219 3329 dite
239 3281 325 3329 voce
348 3282 466 3341 meam,
500 3274 531 3327 et
554 3282 612 3327 ero
634 3261 731 3327 vobis
750 3195 842 3326 Ceus
865 3273 931 3326 etc.
997 3259 1130 3327 Similes

81 3360 84 3365 “
151 3359 230 3414 sunt
265 3350 448 3413 sementina
482 3361 515 3413 et
551 3346 649 3427 alibi,
682 3346 879 3430 pracsertim
907 3347 942 3413 iu
974 3344 1129 3413 Psalmis.
1785 3391 1792 3408 .

150 3433 275 3499 Psalm.
305 3433 358 3500 39.
425 3432 629 3500 Sacrificium
674 3445 707 3497 et
750 3432 951 3499 oblationem
983 3431 1129 3519 noluisti.
1509 3388 1665 3491 Quarta
1702 3392 1831 3472 RailO.

150 3520 232 3585 ltem
254 3519 378 3586 Pselm.
401 3521 453 3586 49.
498 3520 572 3585 Non
584 3541 722 3606 arguam
743 3531 777 3584 te
797 3521 832 3586 in
854 3517 1028 3585 sacrificiis
1053 3521 1129 3584 tuis.
1462 3526 1465 3533 '
1601 3519 1606 3531 '
2208 3569 2210 3575 .

150 3605 209 3671 Et:
232 3607 397 3693 Nmnqnid
420 3608 629 3675 manducabo
652 3625 772 3672 carnes
794 3618 964 3671 taurorum
983 3618 1046 3672 etc.
1079 3606 1130 3669 ln·
1267 3603 1360 3670 llaec
1390 3600 1569 3687 adplicatio
1601 3617 1764 3691 repugnat
1796 3605 1992 3671 institutioni
2022 3604 2163 3691 Christi,

150 3712 239 3759 voca
259 3695 365 3759 mein
390 3694 442 3760 die
464 3690 702 3769 tribulationis,
734 3702 769 3756 et
789 3692 928 3776 eripiam
948 3703 995 3769 te,
1017 3703 1051 3759 et
1071 3691 1132 3761 ho·
1180 3692 1262 3843 guia
1294 3689 1446 3757 Christus
1479 3690 1620 3756 instituit
1652 3692 1739 3756 hauc
1772 3694 2006 3772 ceremoniam,
2039 3712 2108 3757 non
2125 3703 2165 3760 nt
2259 3701 2265 3711 “

1179 3255 1190 3262 η

16 3786 65 3815 ’··
150 3778 345 3845 norilicahis
366 3780 446 3845 me'
474 3779 514 3844 lii
536 3777 603 3844 loci
625 3775 887 3846 elarcdttrnueut
906 3778 1038 3864 impiam
1061 3780 1130 3864 opi·
1205 3789 1277 3842 eret
1298 3798 1359 3863 pro
1382 3773 1456 3842 aliis
1479 3795 1546 3839 non
1567 3778 1745 3856 utentibus,
1767 3777 1829 3843 sed
1849 3778 1991 3845 instituit
2010 3780 2174 3867 adesum,

150 3867 282 3930 nionem
304 3867 346 3931 de
369 3884 472 3951 opere
492 3876 642 3948 operato.
687 3867 690 3872 ’
1182 3862 1407 3950 singulorum,
1442 3858 1615 3942 videlicet,
1647 3874 1684 3927 nt
1712 3865 1853 3950 quisque
1874 3883 2036 3940 vescens,
2064 3864 2164 3933 fidem

298 3972 302 3979 ·
435 3950 438 3958 “
600 4008 603 4012 .
1148 3882 1161 4043 l
1181 3950 1363 4029 exuscitet,
1392 3959 1427 4014 et
1448 3966 1488 4013 se
1509 3950 1741 4016 recordatione
1764 3949 1914 4015 beneficii
1937 3950 2061 4019 Christi
2085 3972 2164 4017 eon·

238 4033 311 4101 Etsi
343 4049 451 4101 autem
480 4037 513 4101 in
535 4037 639 4102 veteri
662 4047 860 4103 tesnureutu
882 4047 1019 4120 propter
1040 4057 1129 4102 man·
1154 4046 1159 4061 '
1181 4033 1326 4115 soletur,
1359 4034 1637 4120 quemadmodum
1667 4038 1772 4103 verba
1800 4037 2015 4102 institutionis
2038 4048 2163 4106 testan-

152 4122 263 4185 dntum
295 4123 359 4187 Dei
392 4121 553 4204 praestari
584 4124 761 4205 oportebat
781 4117 858 4185 illos
876 4122 960 4185 ritus
983 4133 1017 4187 et
1038 4143 1130 4188 cere·
1181 4136 1250 4189 tur:
1272 4122 1441 4208 Accipite,
1464 4120 1628 4203 comedite
1649 4133 1682 4187 et
1705 4123 1815 4188 bibite.
1860 4120 1952 4208 Ergo
1974 4142 2041 4188 non
2063 4124 2164 4209 prod·
2193 4164 2196 4169 -

151 4207 291 4286 munias,
321 4227 412 4357 ³5¹¹oe
445 4218 539 4273 erant
571 4207 740 4271 institutae
771 4210 804 4272 in
837 4204 953 4292 politia
979 4206 1131 4275 Mosaica
1182 4221 1235 4275 est
1257 4207 1446 4275 ceremonia
1466 4209 1531 4285 iis,
1562 4208 1618 4295 qui
1639 4229 1707 4274 non
1730 4207 1793 4295 ipsi
1814 4219 1971 4286 utuntur,
2007 4209 2073 4289 hcc
2095 4222 2164 4291 est,

175 4304 288 4379 rapter
354 4290 541 4378 sciplinam,
574 4313 641 4378 qua
661 4291 757 4360 Deus
778 4289 871 4358 illum
886 4293 1051 4378 ¹populum
1070 4314 1130 4361 vo·
1179 4306 1363 4362 vescuntur
1383 4292 1722 4381 corpureDominicc,
1744 4304 1777 4357 et
1800 4295 1915 4359 bibunt
1937 4294 2009 4360 eius
2027 4296 2163 4382 sangui·

150 4315 402 4460 lnitcuhcrceri
419 4393 453 4443 et
470 4380 563 4469 regi,
596 4392 705 4445 tamen
726 4398 791 4445 nec
812 4376 871 4444 illa
892 4399 995 4465 opera
1017 4380 1131 4445 divim·
1180 4401 1266 4450 nem.
1289 4381 1362 4446 Nec
1383 4390 1498 4466 potest
1519 4381 1616 4446 anius
1639 4379 1849 4446 manducatio
1871 4378 1967 4446 alteri
1989 4379 2161 4465 adplicari.

151 4478 206 4530 tns
228 4467 384 4532 mandma
405 4461 452 4531 illi
473 4463 610 4552 populo,
633 4478 728 4533 erant
748 4465 820 4532 veri
842 4462 951 4531 cultus
974 4464 1049 4532 Deo
1061 4464 1131 4551 pia·
1179 4466 1307 4616 Estpue
1337 4465 1440 4554 plane
1473 4478 1589 4531 contra
1610 4478 1762 4531 naturam
1784 4462 2086 4551 sacramentorum,
2121 4488 2163 4535 ea
2225 4514 2228 4519 -

124 4632 130 4639 Α
153 4566 279 4632 centes,
306 4553 369 4618 nisi
389 4552 424 4616 iu
445 4551 498 4636 his
521 4555 577 4640 qai
598 4552 769 4619 habebant
795 4571 910 4617 veram
930 4554 1131 4638 agnitionem
1180 4556 1221 4618 ad
1260 4555 1338 4620 ican‘
1370 4550 1464 4619 aliis:
1498 4551 1594 4617 siem
1614 4551 1776 4637 Baptismi
1797 4570 1880 4618 usus
1899 4573 1966 4619 non
1989 4550 2077 4620 valet
2098 4574 2162 4641 pro

151 4636 216 4703 Dei
238 4651 272 4704 et
293 4638 403 4718 iidem,
425 4660 489 4704 nec
511 4638 736 4707 tustttcatam
764 4649 822 4704 aut
843 4640 1056 4706 merebantur
1077 4658 1129 4704 re·
1182 4637 1268 4719 alirs,
1291 4660 1354 4707 nec
1375 4650 1489 4726 potest
1510 4634 1606 4704 alten·
1627 4636 1808 4726 adplicari,
1840 4639 1985 4727 quinon
2006 4641 2081 4725 ipse
2105 4644 2162 4707 ba-

150 4724 344 4790 mlssionem
375 4735 606 4814 peccatorum:
639 4721 747 4790 llulto
780 4725 888 4789 minus
922 4727 1131 4791 ceremoniae
1179 4725 1331 4874 ptizatur.
1359 4725 1441 4792 ltem
1463 4742 1560 4798 nemo
1582 4735 1694 4810 potest
1711 4744 1776 4811 pru
1798 4721 1864 4791 elio
1886 4727 2041 4811 accipere
2063 4729 2162 4793 ahso-

151 4825 208 4876 aut
230 4823 389 4877 externae
410 4813 666 4878 ohservationes
687 4810 822 4877 innovo
843 4821 1133 4879 testamentorum
1193 4812 1367 4882 menen..
1411 4809 1475 4876 list
1497 4821 1608 4877 autem
1633 4811 1785 4897 impietas
1808 4823 1841 4877 et
1863 4811 2036 4899 impudens
2059 4814 2162 4880 anm·

73 4978 76 4983 ι
150 4894 259 4963 cultus
278 4918 318 4963 ex
341 4917 443 4984 opere
465 4908 614 4985 operato.
1180 4889 1250 4977 e'ia,
1282 4896 1409 4962 Christi
1441 4897 1679 4964 iustitutionem
1711 4911 1918 4983 pervertere,
1952 4911 1985 4964 et
2017 4897 2162 4989 fingere,

1179 4984 1271 5069 quod
1293 5002 1376 5069 opus
1394 4983 1581 5049 sacerdmis
1602 4985 1709 5070 prosit
1731 4980 1805 5049 aliis
1826 5004 1894 5053 non
1916 4987 2096 5053 utentibus.
2119 5060 2127 5067 .

119 5166 122 5173 Ι
236 5067 355 5156 itaque
386 5068 469 5137 haec
503 5071 588 5136 ratio
621 5069 664 5135 de
695 5068 790 5139 cultu
828 5068 907 5132 novi
939 5069 1129 5137 testamenti
1598 5116 1601 5121 -

1952 5188 2023 5245 45·-
