4628 5588
707 187 713 197 .
786 145 899 214 rau.
922 146 1026 213 rtur.
1048 147 1238 253 scaram
1258 148 1541 219 ooouarrca.
1703 106 1718 178 7
2113 156 2182 223 rao
2297 174 2309 183 ·

468 341 658 440 Secunda
682 308 814 428 Ratio,
908 408 920 419 ,
949 334 952 339 4
1192 360 1362 425 nunquam
1384 342 1426 405 de
1449 342 1680 407 emendatione
1700 339 1770 408 ulla
1791 344 2036 430 cogitaverunt.
2065 345 2180 419 Qnan·
2274 350 2277 356 ’

1193 439 1261 490 tum
1301 438 1411 492 autern
1443 425 1559 499 scelus
1592 429 1636 492 sit
1667 430 1793 493 abusus
1825 428 1925 495 huius
1958 431 2179 514 Sacramenti,

1193 509 1319 576 Paulus
1340 533 1408 576 non
1431 515 1577 579 obscure
1598 513 1782 600 significat,
1816 537 1890 579 oum
1916 518 1961 581 ad
1983 516 2177 584 Corinthios

244 593 351 680 Finge
383 604 492 658 autem
513 613 617 679 posse
638 591 710 658 tolli
733 595 922 679 opinionem
943 591 1142 678 applicatio·
1192 598 1315 682 inquit:
1339 598 1462 663 Probet
1484 619 1523 664 se
1540 602 1649 685 ipsum
1666 600 1783 666 homo:
1806 603 1861 688 qui
1883 603 2018 687 indigne
2041 606 2177 670 mandu-

156 683 222 761 εἰς,
245 692 355 745 tamen
378 677 502 744 vallant
523 677 571 743 illi
594 681 787 744 conservari
810 678 1031 759 oblationem,
1055 701 1141 769 quae
1194 684 1332 762 caverit,
1364 705 1445 749 reus
1477 688 1539 750 erit
1572 689 1723 770 corporis
1756 699 1791 752 et
1823 690 1996 776 sanguinis
2030 688 2175 758 Domini.

157 770 257 834 etiam
290 787 356 831 non
392 778 444 854 est
471 767 622 831 instituta
651 768 684 831 in
706 765 758 829 his
781 768 894 831 verbis
917 764 1052 848 Christi.
1098 765 1141 831 Et
1191 769 1263 834 Nec
1285 771 1418 836 dubium
1441 783 1506 849 est,
1528 770 1640 837 multis
1662 769 1804 858 puhlicis
1827 786 1860 839 et
1882 776 2021 861 privatis
2044 774 2177 851 calami·

157 852 313 920 Christus
336 850 431 917 solus
453 853 462 915 i
487 872 525 917 se
547 872 624 917 sese
648 851 785 931 obtulit,
815 872 882 917 nou
904 850 976 917 vult
998 873 1019 916 a
1040 854 1140 917 nobis
1192 856 1316 920 tatibus
1349 856 1437 921 hunc
1470 858 1610 927 abusum
1632 861 1762 945 puniris
1804 858 1900 927 Deus
1922 862 2008 926 enim
2030 865 2178 948 graviter
2258 856 2262 861 ’

157 941 279 1006 offerri.
323 938 416 1016 item,
480 959 524 1003 on
546 936 625 1003 lieet
646 940 772 1004 institui
809 934 932 1004 cultum
954 939 1028 1002 sine
1050 959 1140 1003 marr·
1192 938 1413 1007 idololatriam
1435 944 1552 1027 punire
1574 943 1672 1008 solet.
1718 943 1830 1018 Quare
1852 959 1922 1012 toto
1941 959 2079 1032 pectore
2101 970 2178 1015 ora·
2209 1000 2219 1009 .

45 1028 50 1036 ’
157 1028 236 1092 dato
249 1024 332 1091 tter.
378 1025 422 1090 At
455 1022 512 1088 tali
536 1023 642 1089 Missa
672 1037 811 1102 retenta,
845 1036 995 1088 maneret
1029 1021 1140 1089 cultus
1192 1047 1267 1092 mus
1279 1026 1398 1099 Deum.
1422 1041 1457 1095 ut
1478 1044 1619 1095 mentem
1642 1031 1699 1094 det
1721 1032 1818 1095 etiam
1842 1030 1930 1110 aliis,
1952 1045 1991 1099 ut
2000 1032 2177 1100 Ecclesiae

155 1133 224 1177 non
246 1113 436 1190 mandatus,
458 1122 606 1174 maneret
627 1112 713 1176 enim
737 1132 821 1196 opus
844 1111 1032 1176 distinctum
1049 1132 1139 1194 apo·
1191 1114 1226 1177 in
1246 1111 1313 1179 hac
1335 1126 1427 1179 tauta
1448 1137 1486 1180 re
1508 1113 1687 1181 consulere
1708 1118 1876 1201 incipiant.
2035 1112 2041 1121 ’
2125 1142 2129 1147 ·

14 1218 22 1225 ·
179 1198 225 1264 uli
247 1199 489 1274 communione,
511 1198 601 1282 quod
624 1217 740 1263 omnes
759 1198 921 1263 haherent
943 1216 1004 1280 pro
1026 1199 1140 1283 singu·

69 1276 78 1289 ⁶
155 1222 218 1351 lari
252 1285 510 1350 et-necessario
544 1281 635 1348 cultri
656 1283 691 1347 in
714 1282 878 1349 Ecclesia.
924 1283 1008 1347 Cum
1030 1296 1140 1348 autem
1187 1343 1190 1346 a
1280 1284 1477 1372 Quanquam
1510 1298 1617 1351 antem
1650 1286 1736 1352 haec
1766 1289 1841 1373 ipsa
1873 1310 1977 1356 causa
1995 1291 2037 1356 de
2065 1289 2174 1358 Missa

155 1393 224 1438 non
247 1372 290 1437 sit
311 1372 531 1436 instituendos
553 1371 636 1433 ritus
659 1371 731 1436 sine
749 1371 916 1447 mandato,
938 1369 1140 1434 retineamus
1192 1369 1355 1453 prolixius
1388 1374 1548 1456 disputari
1582 1389 1709 1456 posset,
1742 1387 1853 1439 tamen
1885 1377 1941 1440 hic
1962 1374 2178 1443 fundamenta

155 1457 297 1524 sormam
319 1459 473 1523 traditam
494 1458 525 1520 iu
539 1454 734 1542 Evangelio,
758 1456 953 1540 praesertim
970 1477 1044 1520 oum
1056 1453 1140 1520 Pau·
1193 1459 1337 1522 breviter
1371 1456 1535 1542 complexi
1564 1480 1689 1524 sumus.
1744 1457 1841 1526 Ritus
1874 1474 1992 1528 noster
2023 1460 2178 1550 congruit

154 1542 209 1611 lus
232 1547 402 1629 expressis
424 1544 536 1607 verbis
558 1545 751 1629 praecipiat,
774 1556 810 1606 ut
830 1539 975 1627 plurium
996 1542 1140 1605 sitcom·
1194 1565 1270 1608 cum
1290 1544 1496 1609 institutione
1519 1543 1656 1624 Christi,
1690 1564 1763 1611 cum
1787 1544 1905 1627 Paulo,
1930 1571 2003 1614 cum
2026 1561 2097 1614 tota
2120 1571 2178 1616 ve·

155 1631 281 1710 munio,
317 1643 350 1697 et
382 1643 513 1695 utamur
546 1649 652 1694 coena
674 1627 807 1694 Domini
841 1640 998 1713 tanquam
1021 1627 1141 1692 Sacra·
1192 1631 1253 1693 teri
1287 1627 1452 1696 Ecclesia.
1497 1630 1596 1696 Ratio
1629 1632 1671 1696 dc
1703 1653 1768 1696 usu
1790 1632 1997 1700 Sacrarnenti
2030 1656 2073 1699 ex
2094 1657 2180 1702 vera

155 1732 267 1783 mento
302 1717 343 1780 ari
367 1717 466 1780 iidem
485 1715 693 1779 excitantium
717 1726 750 1780 et
772 1715 965 1799 erigendam
987 1712 1141 1777 recorda·
1193 1717 1355 1794 doctrina,
1389 1718 1430 1780 de
1464 1717 1630 1782 sacrificio
1654 1715 1790 1798 Christi,
1812 1731 1846 1784 et
1875 1721 1918 1784 de
1939 1721 2062 1787 iustitia
2086 1721 2178 1801 fidei,

156 1804 246 1887 tione
271 1801 506 1868 beneficiorum
530 1799 665 1878 Christi,
697 1822 739 1866 ac
762 1801 880 1864 deiude
903 1819 1042 1885 agamus
1065 1819 1140 1885 gra·
1191 1816 1323 1887 sumpta
1345 1815 1406 1866 est.
1451 1801 1543 1867 llaec
1565 1815 1643 1867 sunt
1665 1817 1770 1882 certa,
1803 1803 1897 1870 firma
1930 1818 1963 1870 et
1985 1808 2179 1893 perspicua,
2216 1856 2222 1863 -

154 1890 220 1954 tias
243 1887 395 1967 Christo,
429 1907 491 1972 pro
512 1885 711 1971 liberatione
733 1898 833 1952 tarrta.
878 1885 953 1950 Non
969 1884 1140 1971 fingamus
1191 1907 1254 1952 nec
1277 1889 1382 1953 everti
1403 1900 1557 1973 possunt,
1579 1889 1707 1953 etiamsi
1729 1889 1887 1955 fortassis
1909 1887 2009 1978 aliqui
2021 1892 2178 1979 sophisti-

155 1977 378 2042 ceremoniam
411 1976 517 2059 ipsam
549 1994 591 2037 ex
619 1993 723 2057 opere
753 1983 891 2057 operato
915 1991 994 2036 esse
1017 1968 1140 2035 cultum
1191 1975 1240 2037 cis
1258 1974 1476 2060 argumentis
1508 1994 1671 2041 excusare
1703 1986 1737 2039 et
1759 1975 1875 2042 locare
1904 1975 2030 2043 Missas
2050 1975 2177 2045 volent.

156 2074 212 2127 aut
234 2062 445 2127 sacrificium.
492 2054 584 2125 llaec
616 2056 678 2124 fuit
700 2060 905 2124 consuetodo
929 2059 1053 2123 veteris
1076 2056 1140 2122 Ec·
1191 2058 1324 2125 Scimus
1347 2061 1433 2125 enirn
1454 2060 1607 2125 homines
1630 2059 1772 2125 callidos
1795 2059 1908 2127 solere
1930 2084 2064 2129 errores
2087 2063 2177 2130 fucis

13 2210 27 2221 ,
125 2147 296 2234 ,εἰεεὶεετ
325 2147 410 2212 Nam
432 2145 505 2210 lere
527 2148 691 2232 usquead
716 2146 915 2231 Gregorium
937 2141 1048 2209 nullae
1070 2140 1139 2206 loe·
1191 2146 1389 2231 quibusdam
1422 2147 1571 2233 pingere.
1622 2147 1691 2211 Sed
1719 2148 1776 2232 qui
1804 2146 1921 2214 volent
1953 2146 2082 2235 gloriae
2109 2147 2178 2216 Dei

154 2244 232 2300 runt
253 2235 406 2318 privatae
428 2232 564 2298 Missae.
609 2233 803 2297 Adversarii
826 2233 934 2296 nostri
956 2227 1139 2307 clamitant,
1190 2233 1331 2311 servire,
1353 2245 1387 2296 et
1397 2231 1572 2298 Ecclesiae
1590 2232 1689 2297 saluti
1713 2232 1903 2314 consulere,
1924 2237 2096 2302 veritatem
2118 2258 2178 2303 arr·

154 2341 244 2387 nunc
266 2339 329 2386 nos
352 2320 525 2384 discedere
548 2321 590 2383 ab
614 2317 791 2383 Ecclesiae
814 2318 1071 2393 consuetudine,
1105 2326 1139 2379 et
1190 2315 1333 2385 tolerant
1354 2315 1483 2385 fucosis
1505 2331 1539 2384 et
1560 2318 1754 2402 sophisticis
1776 2321 1973 2387 rationibus.
2017 2322 2052 2387 ld
2077 2317 2177 2390 decet

154 2406 337 2491 magnifieri
361 2402 513 2490 exempla
534 2401 708 2469 Ecclesiae
728 2407 906 2488 postulant.
950 2403 1018 2468 Sed
1041 2402 1138 2466 nobis
1191 2423 1307 2469 omnes
1330 2405 1387 2489 qui
1410 2405 1517 2469 Deum
1539 2407 1665 2484 timent,
1689 2407 1745 2489 qui
1767 2418 1859 2472 recte
1879 2409 2036 2474 iuvocare
2049 2406 2176 2490 Deum,

154 2488 305 2559 iniuriam
327 2490 467 2557 iaciunt:
491 2491 575 2556 Nam
598 2492 661 2576 ipsi
685 2513 705 2555 a
727 2510 827 2555 sorae
849 2487 1025 2555 Ecclesiae
1047 2506 1139 2551 more
1190 2504 1224 2554 et
1247 2487 1424 2556 consulere
1445 2487 1622 2556 Ecclesiae
1643 2493 1790 2576 copiunt.

156 2592 189 2644 ει
211 2576 363 2663 exemplo
394 2579 630 2657 discesserunt,
662 2596 771 2641 novos
795 2573 906 2641 cultus
928 2586 1139 2658 receperunt,

155 2665 300 2731 humana
322 2665 505 2730 temeritate
526 2666 755 2752 excogitatos,
783 2663 920 2750 ignotos
945 2662 1051 2726 veteri
1075 2659 1138 2724 Ec·
1280 2659 1385 2727 Valde
1413 2662 1520 2726 mirati
1553 2681 1668 2727 sumus
1691 2660 1869 2812 Anglicum
1888 2664 2070 2745 decretum,
2098 2686 2179 2732 cunr

48 2835 50 2838 Ι
156 2751 311 2818 clasiae..
1189 2745 1283 2813 nulla
1315 2749 1502 2813 emendatio
1536 2750 1699 2814 abusuum
1720 2749 1848 2815 nissae
1869 2770 1930 2834 pro
1956 2762 2095 2843 ocatur,
2126 2763 2178 2817 ta·

1189 2855 1264 2900 men
1287 2832 1480 2919 simpliciter
1501 2835 1546 2898 ibi
1565 2831 1733 2900 stabilitur
1759 2837 1890 2920 privata
1949 2837 2030 2902 issa.
2075 2835 2179 2903 Mira·

241 2921 427 3010 Dionysius
450 2922 647 2987 describens
669 2920 767 2986 ritum
790 2920 980 3006 Synaxeos,
1001 2938 1046 2984 nc
1067 2919 1138 3004 qui·
1189 2942 1263 2986 mur
1285 2920 1473 3005 Episcopus
1506 2918 1674 2985 affirmare
1694 2920 1834 2986 Missam
1867 2924 2105 2991 necessariam.

156 3013 231 3077 dem
253 3012 402 3075 nominat
425 3005 639 3086 oblationem,
661 3027 737 3072 cunr
758 3005 1138 3092 quidemindescriben·
1189 3027 1240 3085 se,
1273 3029 1349 3073 curn
1372 3007 1505 3072 circiter
1526 3026 1633 3071 annos
1656 3007 1918 3093 quadringentos
1940 3005 2039 3073 luerit
2059 3011 2095 3095 ig

156 3099 208 3164 dis
231 3094 429 3162 ceremoniis
452 3094 629 3159 admodum
652 3091 795 3181 diligens
817 3090 941 3158 hierit.'
970 3090 1014 3156 Et
1035 3089 1137 3174 appli-
1189 3094 1314 3178 primae
1343 3103 1377 3157 et
1402 3094 1528 3177 puriori
1551 3091 1736 3159 Ecclesiae.
1781 3093 1835 3158 Au
1858 3091 1917 3159 illa
1938 3115 1994 3159 res
2016 3114 2177 3161 necessa·

157 3186 244 3251 catio
277 3201 420 3268 prorsus
450 3182 566 3266 ignota
589 3190 642 3245 cst
664 3180 852 3245 veteribusr
874 3177 976 3243 llam
996 3176 1158 3243 Latinus
1189 3180 1259 3244 rias
1281 3180 1481 3266 ignorabat?
1504 3184 1539 3244 lu
1551 3178 1706 3244 Ecclesia
1728 3181 1950 3246 verecundius
1961 3183 2176 3266 pronuntian-

156 3262 273 3336 Canon
295 3288 384 3332 nova
406 3269 569 3353 quaedam
591 3264 784 3350 Rhapsodia
806 3276 875 3344 cst,
897 3263 1054 3350 paulatim
1075 3284 1139 3329 au·
1190 3267 1267 3331 dnm
1290 3276 1381 3329 erat:
1405 3264 1440 3329 Si
1462 3266 1613 3350 privatae
1629 3264 1756 3332 Missae
1778 3277 1857 3331 suut
1877 3268 2103 3347 necessariae,
2125 3279 2177 3332 to·

156 3367 223 3434 cta,
245 3368 281 3420 ut
303 3354 487 3442 Gregorius
508 3364 667 3432 testatur,
694 3353 748 3439 qui
767 3350 855 3416 hane
873 3352 1011 3417 sormam
1034 3351 1139 3436 inquit
1189 3364 1223 3416 ta
1256 3361 1353 3416 vetus
1376 3349 1529 3416 Ecclesia
1562 3354 1749 3418 damnatur.
1795 3351 1894 3425 Quod
1926 3373 2009 3418 vero
2030 3355 2176 3434 additur,

47 3434 78 3479 ·“
157 3438 331 3508 collectam
364 3460 441 3506 esse
475 3439 681 3525 aquodam,
714 3459 813 3523 quem
833 3448 934 3503 vocat
956 3435 1139 3502 Scholasti·
1190 3434 1314 3523 populo
1336 3457 1395 3501 eas
1418 3436 1543 3503 Missas
1566 3439 1609 3503 ad
1632 3440 1786 3524 pietatem
1803 3440 1986 3586 prodesse,
2019 3442 2178 3531 ambigue

158 3549 243 3593 cum.
288 3527 331 3593 Et
364 3525 474 3592 differt
495 3526 527 3589 in
549 3523 636 3591 locis
658 3525 848 3611 insignibus
869 3545 890 3589 a
912 3522 1053 3588 Graecis
1075 3521 1139 3588 Ca·
1189 3524 1299 3610 posita
1321 3533 1371 3588 est
1394 3525 1572 3604 sententia,
1588 3537 1636 3604 ut,
1659 3526 1722 3589 etsi
1742 3544 1807 3609 app
1822 3526 1918 3590 icatio
1942 3545 2008 3589 uon
2027 3530 2177 3593 nomina·

157 3615 311 3692 nonibus,
334 3624 412 3679 sunt
433 3614 520 3676 enim
542 3612 628 3690 duo,
674 3611 708 3676 ui
731 3625 764 3676 et
786 3612 848 3695 ipsi
867 3613 951 3675 inter
973 3630 1012 3674 se
1033 3610 1066 3673 in
1089 3608 1139 3674 lo·
1189 3623 1255 3688 tur,
1277 3621 1387 3675 tamen
1409 3629 1504 3675 error
1525 3611 1695 3676 inanimis
1719 3607 1831 3696 populi
1854 3610 2077 3678 confirmetur.
2107 3611 2177 3678 De·

74 3702 80 3713 '
157 3702 207 3767 cis
228 3701 414 3786 insignibus
436 3698 610 3763 differunt..
645 3632 728 3763 lllud
752 3710 859 3763 autem
883 3697 974 3782 quod
994 3696 1029 3760 in
1051 3693 1140 3760 Lati·
1190 3698 1268 3762 iude
1301 3696 1430 3762 etiamsi
1462 3717 1530 3761 non
1549 3694 1666 3763 volunt
1688 3699 1886 3762 confirmare
1907 3694 2200 3783 applicationem,

156 3807 200 3852 no
224 3785 362 3851 Conone
383 3786 530 3870 ponitur,
548 3783 660 3849 oderri
678 3782 744 3850 hoo
761 3782 978 3860 sacrificium,
1001 3792 1038 3847 ut
1054 3782 1138 3846 redi·
1191 3784 1253 3848 sed
1286 3794 1414 3846 tantum
1445 3783 1492 3847 ita
1512 3784 1676 3867 prodesse
1704 3803 1797 3848 exem
1820 3780 1887 3849 lum
1906 3793 2063 3863 censent,
2120 3786 2177 3851 oia

157 3883 287 3938 mantur
308 3872 375 3936 vivi
395 3883 430 3936 et
451 3871 583 3949 mortui,
606 3891 770 3957 nusquam
792 3881 846 3933 est
865 3870 899 3933 in
923 3866 1054 3932 Gracco
1077 3865 1140 3933 Ca·
1191 3865 1334 3955 populus
1357 3869 1564 3947 admonetur,
1584 3881 1621 3934 ut
1643 3869 1767 3955 cogitet
1789 3807 1833 3935 tle
1853 3870 2014 3956 passione
2036 3805 2176 3950 Chrlsti,

140 3972 255 4024 none.
299 3956 538 4041 Repudiandus
571 3967 624 4023 est
653 3957 753 4043 igitur
780 3954 919 4019 Latinus
940 3951 1074 4032 Canon,
1106 3953 1140 4018 iu
1192 3968 1310 4020 tamen·
1323 3952 1402 4040 plus
1426 3967 1524 4019 nocet
1545 3955 1611 4019 hoc
1632 3953 1877 4040 spectaculum,
1904 3957 1983 4042 quia
2003 3956 2036 4020 in
2058 3954 2176 4025 Missis

156 4066 223 4131 quo
245 4045 384 4109 traditur
404 4041 596 4129 applicatio,
615 4053 732 4107 contra
754 4042 939 4106 doctrinam
962 4040 1004 4105 de
1014 4038 1140 4105 sacrifi·
1193 4041 1367 4125 Papisticis
1400 4038 1490 4106 haud
1524 4041 1624 4106 dubie
1658 4039 1827 4128 multiplex
1860 4043 1948 4106 inest
1967 4038 2175 4124 idololatria,

66 4145 70 4151 “
157 4132 209 4197 cio
232 4128 368 4209 Christi,
390 4141 423 4195 et
444 4130 487 4195 de
507 4129 630 4194 iustitia
653 4128 748 4193 fidei:
770 4138 804 4191 et
824 4128 937 4193 insunt
957 4122 1024 4191 alia
1040 4145 1141 4212 quae·
1191 4146 1295 4213 quare
1316 4123 1459 4212 populos
1480 4126 1527 4191 ibi
1549 4128 1696 4214 adigitur
1727 4129 1769 4193 ad
1794 4124 2034 4193 idololatricam
2053 4128 2177 4201 adora·

29 4208 41 4244 '¹
156 4218 233 4283 dam
254 4217 415 4296 absurda,
438 4216 561 4281 mentio
583 4213 834 4280 intercessionis
851 4224 1055 4279 sanctorum.
1098 4210 1142 4277 Et
1191 4213 1334 4278 tionem:
1357 4213 1442 4277 Nam
1465 4212 1717 4279 Sacramentum
1739 4226 1833 4281 extra
1855 4234 1953 4279 nsum
1975 4214 2175 4293 institutum,

157 4305 327 4371 Sacerdos
350 4324 426 4369 cum
449 4304 538 4367 dieat
558 4322 598 4367 se
621 4301 742 4366 offerre
762 4297 881 4365 Filium
902 4297 978 4379 Dei,
1001 4300 1084 4387 petit
1104 4307 1141 4362 ut
1191 4319 1259 4364 norr
1291 4311 1346 4362 est
1366 4297 1629 4371 Sacramentum.
1674 4300 1767 4366 llaec
1799 4300 1965 4365 sententia
1997 4301 2178 4366 verissima

115 4426 120 4435 ·
157 4389 282 4457 oblatio
313 4389 399 4455 haec
431 4390 569 4474 perinde
590 4386 739 4474 placeat,
760 4397 804 4451 ut.
818 4383 1019 4452 sacrificium
1038 4381 1140 4450 Abel.
1191 4398 1254 4451 cst.
1297 4384 1377 4450 ideo
1401 4396 1565 4469 optamus,
1588 4398 1625 4450 ut
1646 4383 1805 4452 liberetur
1826 4382 1982 4452 Ecclesia
2003 4388 2045 4451 ab
2067 4383 2178 4453 idolo·

156 4476 249 4543 llaec
271 4473 411 4542 confuse
432 4487 468 4541 et
489 4477 650 4540 inerudite
672 4476 716 4539 ab
737 4473 873 4538 indocto
893 4468 1004 4557 aliquo
1017 4490 1140 4558 conge·
1190 4467 1306 4549 latria,
1339 4481 1372 4534 et
1393 4471 1464 4535 veri
1486 4468 1594 4536 cultus
1616 4475 1840 4551 restituantur,
1874 4483 2010 4559 propter
2030 4468 2178 4561 gloriam

157 4575 210 4641 sta¹
243 4574 392 4648 apparat,
424 4573 459 4628 et
490 4582 577 4646 opus
610 4561 736 4626 hahere
768 4557 1000 4623 emendatione
1023 4577 1139 4623 omnes
1191 4557 1254 4624 Dei
1275 4568 1310 4623 ct
1329 4550 1472 4622 salutem
1493 4556 1617 4642 populi.

158 4649 278 4716 eruditi
300 4647 496 4736 intelligunt.
541 4647 595 4713 Ac
615 4643 770 4731 prolecto
791 4641 1066 4729 reprehendenda
1088 4654 1141 4706 est

74 4804 77 4808 ,
157 4734 400 4822 Episcoporrrm
421 4732 637 4823 negligentia,
659 4736 715 4819 qui
736 4742 786 4798 tot
807 4726 943 4810 seculis,
961 4749 1036 4796 cum
1049 4730 1141 4794 vide·
1552 4730 1597 4818 rai
1617 4731 1687 4818 θεῷ
1709 4729 1793 4810 θεῖε.

157 4833 231 4888 rent
265 4817 459 4887 manifestos
492 4841 571 4887 esse
593 4820 774 4886 Missarum
807 4818 934 4883 abusus
967 4814 1141 4903 plurimos,
