4628 5588
176 148 224 229 aa
285 138 500 297 “squ
839 158 880 227 n
924 152 1554 265 ιιιιιιιιιιιοιιιιιιιιιιιιοιιιιιι.Ι
1887 187 1916 229 .-
1982 268 1999 299 Ι
2150 156 2217 229 ut·

236 349 317 414 tium
349 300 557 433 pronubis,
591 350 682 414 iuxta
709 348 849 415 dictum:
883 345 947 414 llic
975 358 1027 414 eat
1053 367 1163 436 agnus
1214 347 1243 413 1.
1271 344 1472 414 Corinthii.
1518 343 1751 424 scortatores,
1783 343 2009 428 Idololatrea,
2046 344 2204 416 adulteri’

74 414 81 429 ⁸
145 468 151 483 ι
212 436 255 514 ei,
278 433 335 527 qui
358 430 442 500 tollit
463 445 612 520 peccata,
626 434 749 500 mundi.
1087 516 1097 525 ὴ
1203 446 1277 500 etc.
1295 453 1434 523 regnum
1454 431 1520 498 Dei
1541 454 1609 498 non
1631 430 1860 519 possidebunt.

171 554 179 571 ’
265 571 436 650 Secundo,
457 581 496 637 ut
518 571 744 637 conscientiae
765 568 911 637 habeant
931 564 1088 636 finmm··'
1238 619 1242 629 .
1296 570 1484 636 Execrandi
1498 573 1596 636 sunti
1622 569 1865 652 'turdmtmpou
1879 569 2064 656 quinolunt
2082 572 2197 639 doceri

178 654 393 735 solationem,
427 659 521 723 iuxta
544 659 665 723 dictum
689 656 807 722 Roma.
830 658 861 722 4.
905 655 987 722 ideo
1020 677 1063 722 ex
1090 652 1095 661 '
1141 676 1162 723 e
1211 654 1339 743 [negem
1348 653 1511 722 Moralem
1531 659 1565 722 in
1617 655 1752 736 eclesia,
1776 669 1809 721 et
1831 657 1961 743 fingunt
1979 677 2095 723 omnes
2112 677 2197 727 suos

178 745 302 832 gratis,
334 755 371 807 ut
400 744 445 809 sit
473 743 567 808 firma
594 744 782 829 promissio.
827 743 864 810 Si
893 744 979 809 euim
1001 763 1066 827 pen
1211 744 1354 827 impetus
1376 763 1453 808 esse
1475 734 1585 808 mutius
1608 744 1751 829 Spiritus
1773 747 1899 829 sancti,
1932 754 1966 808 et
1994 741 2112 809 nolunt
2138 766 2198 832 gu-

176 830 333 895 remissio
365 849 407 893 ex
435 830 594 916 dignitate
620 840 812 895 nostrorum
841 848 996 915 operum,
1096 820 1163 915 ‘'per
1211 830 1347 897 beruari
1363 828 1458 915 Lege
1479 825 1555 896 Dei.
1587 829 1681 895 llaec
1701 827 1920 895 deliramenta
1943 829 2198 896 Antiuomorum
2232 833 2238 844 '

61 918 66 936 '
179 914 271 981 esset
312 917 457 994 incerta,
490 916 755 1002 opprimerentur
782 912 989 1001 perterrelac
1058 934 1168 983 meu.
1193 922 1292 997 'sunt
1313 912 1471 981 horrendi
1488 913 1622 981 furores
1639 913 1806 994 diabolici,
1828 911 1947 1001 quales
1964 913 2098 981 fuerunt
2119 912 2199 982 olim¹

178 1011 233 1067 tes
258 1002 503 1086 desperatione
1014 1058 1017 1065 .
1136 1017 1139 1023 ·
1214 997 1367 1067 similium
1388 1012 1555 1066 sectarum
1569 999 1759 1081 multer-mn,
1780 1002 1945 1067 adversus
1965 1021 2052 1087 quos
2071 1002 2199 1068 munie-

218 1136 293 1201 η,
346 1139 355 1156 ·
936 1138 944 1154 .
1005 1138 1014 1158 .
1214 1109 1288 1153 mus
1310 1106 1375 1151 nos
1397 1090 1502 1153 verbo
1524 1087 1605 1154 Dei:
1635 1088 1671 1153 ln
1694 1108 1817 1173 praece
1840 1089 1883 1154 tis
1912 1091 1995 1154 meis
2017 1084 2198 1154 ambulate.

225 1180 229 1187 -
293 1149 379 1202 ertia
401 1157 504 1203 causa
522 1148 586 1217 est,
607 1148 643 1203 ut
665 1156 748 1202 cous
773 1148 891 1202 roratur
912 1138 1090 1203 discrimen
1100 1136 1163 1203 Le-
1213 1172 1365 1239 lteth

310 1223 339 1287 E
451 1221 484 1285 l..
565 1225 573 1243 .
694 1226 702 1244 .
887 1225 895 1243 .
1366 1186 1437 1239 ater
1459 1174 1634 1239 sanctifica
1655 1194 1716 1239 eos
1738 1175 1773 1238 in
1826 1175 1956 1254 oritate,
1980 1193 2091 1239 sermo
2120 1185 2197 1240 tuus

298 1262 301 1267 -
342 1244 450 1309 range
464 1245 497 1303 n,
519 1245 596 1309 qma
617 1236 725 1309 partio
802 1222 916 1289 Gratus
938 1223 1005 1289 fide
1026 1238 1164 1309 Ρῐῡθῑθΐ
1214 1263 1270 1325 est‘
1288 1258 1436 1325 Veritas.
1480 1259 1636 1326 Petamus
1666 1262 1765 1325 etiam
1792 1261 1988 1325 ardentibus
2022 1259 2128 1339 votis,
2159 1269 2198 1326 ut

10 1320 82 1463 ’ἒ-
180 1321 419 1486 ‘epunffoem'
445 1312 625 1441 Bramme
652 1310 813 1376 disoemit
839 1309 967 1397 Legem
996 1322 1030 1376 et
1051 1309 1164 1377 ΕΜ·
1214 1344 1401 1432 ipseFilius
1421 1344 1486 1411 Dei
1509 1349 1674 1433 gubernet
1694 1365 1771 1426 nos,
1792 1366 1836 1410 ne
1858 1347 2198 1432 contagiis'errorum
2273 1414 2276 1423 ,

11 1456 75 1529 Ὗ.

1214 1428 1413 1518 polluamur,
1436 1433 1522 1497 sicut
1543 1445 1701 1516 precatur
1710 1430 1896 1518 Propheta:
1915 1432 1942 1497 F
1943 1454 1985 1498 ac
2003 1452 2078 1497 cunr
2096 1450 2198 1498 servo

178 1530 184 1543 “
235 1516 257 1531 “’
300 1527 406 1595 uarta,
428 1525 465 1581 ut
486 1515 653 1581 invocatio
676 1514 749 1580 fieri
766 1517 893 1601 possit,
923 1536 1009 1601 quae
1030 1515 1164 1600 impedi·
1213 1528 1272 1583 tuo
1294 1518 1477 1583 secundum
1493 1519 1755 1585 misericordiam
1771 1529 1874 1597 tuam,
1895 1528 1929 1585 et
1945 1516 2198 1584 iustificationes

87 1604 97 1625 ·“
155 1640 158 1645 -
211 1662 243 1685 Ι,
304 1612 442 1686 aspectu
470 1613 608 1666 nostrae
635 1600 843 1667 infirmitatis.
894 1601 974 1668 ldeo
1002 1602 1165 1668 acceden·
1216 1614 1292 1669 tuas
1316 1605 1402 1669 doce
1423 1623 1486 1670 me.

180 1688 201 1755 d
300 1689 398 1754 stad
418 1686 527 1753 Deum
557 1686 676 1752 fiducia
698 1687 805 1752 solius
827 1685 1041 1768 Mediatoris,
1071 1690 1165 1753 iuxta

10 1776 52 1805 ⁸⁸·
180 1776 318 1839 dictum:
341 1773 408 1839 Per
428 1774 518 1839 hunc
539 1771 702 1838 habemus
723 1793 912 1839 accessum.
945 1771 1164 1858 ltemEphes.

17 1856 46 1903 '³‘
179 1859 211 1926 3.
256 1859 292 1924 ln
315 1859 381 1925 hoc
402 1860 563 1925 habemus
585 1858 740 1924 fiduciam
761 1870 796 1925 et
823 1878 999 1927 accessum
1027 1861 1061 1925 ln
1085 1879 1165 1927 con·

27 1986 44 2003 ,
179 1945 316 2011 fidentia
336 1945 517 2032 perfidem
541 1946 625 2025 eius,
645 1957 710 2012 etc.
1504 1947 1694 2037 Secunde
1724 1950 1917 2062 quaestio.

124 2118 198 2277 ᾖ
1278 2171 1497 2275 Quomodo
1526 2174 1689 2293 placent¹
1718 2174 1828 2257 bone
1858 2201 1982 2286 opera
2013 2170 2133 2255 Deo?

371 2275 447 2358 DE
476 2272 645 2361 BONIS
677 2272 950 2363 OPERIBUS
1301 2355 1515 2440 Respondeo.
1559 2353 1699 2421 Placent
1731 2356 1765 2419 u
1798 2337 1973 2420 conversis
2011 2354 2055 2419 an
2087 2352 2198 2421 neum
2274 2399 2280 2403 -

485 2431 743 2541 quaestiones
773 2443 865 2518 ires.
1214 2442 1282 2507 hoc
1303 2442 1413 2507 modo.
1447 2442 1594 2506 Primum
1613 2461 1758 2507 necesse
1775 2453 1827 2506 est
1844 2441 1995 2517 credere,
2017 2440 2108 2525 quod
2123 2452 2197 2526 per·-

1215 2549 1299 2593 sona
1321 2531 1365 2593 sit
1385 2525 1700 2593 reconciliata·Deo
1722 2537 1861 2613 propter
1882 2523 2051 2592 Christum
2078 2526 2197 2613 graue,

1151 2666 1156 2671 .
1214 2614 1292 2694 fide,
1309 2634 1378 2680 non
1399 2625 1537 2700 propter
1558 2614 1749 2700 dignitatem
1770 2624 1931 2678 nostram.

293 2686 323 2771 Ι·
370 2684 488 2788 Quae
526 2715 649 2800 opera
680 2688 867 2775 docenda
896 2701 947 2773 et
975 2685 1162 2773 facienda
1300 2751 1459 2819 Secundo
1493 2750 1666 2816 sciendum
1698 2760 1768 2829 est,
1801 2770 1867 2815 nos
1895 2768 1964 2813 non
1997 2743 2197 2817 satisfacere
2238 2756 2242 2769 ²
2285 2770 2288 2781 ·

389 2807 478 2891 Sinis
1216 2837 1309 2924 Legi,
1332 2838 1393 2902 sed
1414 2837 1555 2902 haerere
1571 2838 1604 2900 in
1627 2838 1725 2901 nobis
1743 2832 1847 2901 multa
1868 2835 2026 2899 interiora
2043 2843 2197 2920 peccata,

157 2898 165 2913 Ι
270 2927 321 3011 Π.
367 2925 586 3029 Quomodo
615 2929 803 3040 placeant
832 2927 935 3011 Deo,
1213 2925 1437 3027 dubitationes
1460 2935 1501 3026 et·
1516 2919 1621 3027 malas
1649 2920 1901 2998 inclinationes,
1954 2932 2074 2986 eccata
2101 2921 2196 3005 igno·

1211 3024 1339 3075 ramme
1372 3022 1405 3074 et
1437 3029 1640 3074 omissionis.
1684 3008 1727 3073 Et
1753 3005 1916 3093 deplorari
1993 3017 2045 3071 est
2077 3016 2196 3070 nostra

252 3046 322 3133 ῙΠ·
366 3046 439 3130 An
483 3059 678 3131 maneant
722 3049 764 3132 in
808 3050 955 3133 sanetis
992 3061 1161 3159 peccate
1211 3096 1450 3175 immundiores,
1472 3105 1508 3161 et
1528 3095 1781 3182 repugnandum
1802 3093 2066 3159 nuoruuonnus
2090 3101 2124 3156 ot
2144 3085 2196 3155 ot·
2268 3106 2271 3111 ·

386 3168 437 3251 in-
458 3169 537 3250 heo
568 3168 664 3270 vita,
696 3179 740 3250 et
769 3198 874 3279 quae
904 3181 1084 3280 peccate.
1173 3171 1365 3248 ·ieotibiu.
1591 3177 1598 3197 ¹
2203 3202 2206 3207 ·

1298 3316 1411 3382 'lertio
1434 3316 1605 3382 sciendum
1634 3327 1698 3396 est,
1721 3325 1832 3380 tamen
1853 3325 2010 3399 oportere
2031 3314 2067 3378 in
2094 3312 2193 3378 uobis

1213 3422 1291 3468 esse
1316 3403 1508 3468 inchoatam
1540 3403 1762 3467 obedientiam
1787 3403 1881 3467 iuxta
1908 3410 2090 3485 praecepta
2116 3397 2194 3477 Dei,

1214 3501 1245 3554 et
1266 3488 1354 3553 hanc
1371 3488 1446 3554 Deo
1467 3487 1603 3572 plaeere
1623 3491 1657 3553 in
1679 3485 1902 3553 reconciliatis
1923 3483 2195 3571 propterhledla·

203 3608 320 3714 Quae
353 3640 476 3724 opera
507 3612 694 3696 d000nda
724 3624 768 3694 et
796 3611 983 3696 faeiem}a
1012 3613 1131 3695 sunt?
1212 3585 1328 3654 torem,
1350 3576 1436 3639 sicut
1458 3575 1580 3639 dictum
1602 3586 1666 3654 ast,
1689 3573 1816 3637 Oiierte
1838 3572 1911 3636 Deo
1939 3570 2071 3676 hostias
2098 3570 2194 3656 spo-1.
2249 3588 2254 3600 ι

1214 3658 1334 3741 tuales,
1356 3657 1526 3744 placentes
1548 3657 1625 3726 Deo
1646 3671 1782 3745 propter
1803 3658 1914 3724 lesum
1936 3655 2117 3724 Chnstum.

420 3422 485 3506 De
515 3425 659 3537 pn‘mu·
676 3425 934 3535 quaestione

265 3790 479 3878 Respondes.
524 3794 709 3878 Praecepta
737 3794 771 3859 in
801 3791 964 3882 decalogo
991 3806 1085 3860 recte
1112 3795 1162 3859 in·
1275 3794 1278 3801 ’

179 3876 331 3957 telleoto,
352 3881 443 3944 iuxta
465 3879 586 3945 dictum
608 3877 794 3945 Ezechielis
815 3881 869 3946 20.
913 3882 949 3945 ln
972 3882 1161 3966 praeceptis
1242 3906 1246 3913 ¹

178 3965 262 4031 meis
283 3962 474 4044 ambulate,
503 3978 536 4031 et
563 3965 663 4030 facite
685 3986 736 4032 aa.
780 3966 859 4032 ldeo
878 3969 964 4032 enim
986 3967 1080 4032 Deus
1103 3969 1160 4033 im·

158 4070 293 4116 0mensa
316 4051 464 4115 bonitate
485 4052 584 4116 etiam
605 4072 723 4117 vocem
749 4052 851 4140 Legis
873 4050 1013 4118 Moralis
1041 4055 1074 4119 in
1095 4052 1161 4118 Ec·

179 4133 284 4204 clesia
306 4156 440 4221 semper
461 4136 539 4201 inde
559 4158 667 4223 usque
689 4140 731 4203 ab
754 4139 863 4204 Adam
890 4158 1014 4204 sonare
1041 4137 1159 4218 voluit,
1929 4174 1954 4231 0
2112 4210 2121 4228 ,

178 4234 214 4287 ut
235 4234 614 4310 arguat·peccatum,et
636 4226 802 4305 ostendat,
826 4245 911 4310 quae
933 4239 1086 4310 opereat
1125 4226 1160 4290 ui
1211 4213 1435 4300 Manenine
1465 4228 1633 4328 peccatu
1654 4212 1877 4300 instinctis
1904 4212 1947 4294 in
1975 4211 2053 4293 hac
2081 4207 2195 4294 vlia?

178 4305 288 4373 cultus
311 4306 386 4373 Deo
409 4306 583 4393 placeant,
604 4321 641 4374 ut
662 4324 821 4396 regantur
842 4311 946 4377 corda
967 4312 1072 4377 verbo
1129 4312 1160 4375 ei
2277 4313 2281 4319 '

176 4394 211 4458 in
232 4393 298 4459 fida
320 4404 354 4458 et
375 4396 546 4479 operibus,
567 4395 658 4459 iuxta
681 4396 821 4462 dictum:
841 4397 1000 4463 Lucerna
1018 4397 1158 4480 pedibus
1296 4396 1519 4484 Bosporum·
1553 4396 1638 4463 Sunt
1658 4407 1693 4462 et
1714 4406 1847 4461 manent
1873 4402 2017 4477 peccata
2043 4391 2077 4456 iu
2094 4411 2195 4457 rena·

176 4481 259 4545 meis
287 4481 427 4545 verbum
455 4491 554 4546 tuum.
599 4479 641 4544 Et
667 4482 701 4545 in
719 4503 792 4568 cap.
817 4482 868 4549 15.
896 4484 1049 4549 Numeri:
1081 4481 1158 4548 Non
1209 4483 1253 4547 tis
1276 4483 1310 4548 iu
1331 4482 1397 4550 hac
1419 4486 1502 4564 vita,
1531 4482 1702 4562 videlicet,
1730 4503 1798 4546 non
1821 4477 1945 4545 delicta
1968 4486 2087 4559 contra
2110 4498 2189 4555 con·

90 4621 96 4637 ,
177 4576 361 4715 separantur
378 4566 598 4652 cogitationes
621 4586 719 4647 suas,
741 4579 775 4633 et
796 4567 916 4634 oculos
938 4569 1158 4648 meretricios,
1209 4570 1394 4650 scientiam,
1416 4574 1478 4638 sed
1498 4571 1656 4635 interiora
1677 4566 1783 4645 mala,
1812 4563 1951 4631 multum
1975 4559 2128 4650 caliginis
2155 4573 2190 4630 et
2223 4619 2228 4629 .

177 4669 216 4716 se
260 4671 427 4724 memores
453 4664 708 4738 praeceptorum
730 4652 864 4720 Domini
892 4653 1095 4735 faciuntea,
1125 4665 1159 4719 et
1210 4656 1468 4738 dubitationum,
1483 4653 1643 4722 multaei
1691 4653 1853 4729 orantiae,
1880 4649 2091 4729 omissiones,
2113 4670 2192 4736 pra·
2291 4658 2296 4669 '

176 4737 245 4802 sint
265 4738 374 4803 sancti
401 4736 491 4802 Deo:
523 4737 598 4825 Ego
628 4736 794 4803 Dominus
822 4740 917 4807 Deus
939 4751 1072 4821 vester,
1123 4742 1157 4806 ui
1210 4761 1273 4807 vae
1294 4741 1542 4824 inclinationes,
1575 4755 1609 4808 et
1686 4760 1792 4804 mmae
1813 4734 1976 4804 malorum
1997 4735 2188 4816 affectuum,

178 4821 278 4889 eduxi
299 4842 363 4888 vos
387 4824 429 4887 de
449 4835 538 4889 terra
556 4824 654 4912 Augu
681 4826 713 4889 ti.
758 4823 801 4891 Et
825 4847 899 4894 cum
921 4827 1087 4894 lohannes
1143 4864 1158 4878 ·
1233 4829 1331 4895 uibus
1353 4843 1463 4898 tamen
1484 4839 1671 4916 repugnant
1698 4825 1805 4898 sancti
1835 4823 1979 4910 Spiritu,
2007 4823 2190 4888 retinent&

177 4909 262 4995 quim
289 4907 468 5006 Peccatum
489 4922 560 4990 est,
589 4848 747 4998 quiuiipuid
764 4915 966 4982 contrarium
988 4913 1089 4980 estL
1136 4915 1157 4994 ',
1210 4848 1361 4983 amorem
1382 4918 1464 4997 Dei,
1497 4914 1595 4981 iidem
1617 4926 1650 4979 et
1670 4913 1934 4989 invocationem,
1966 4929 2031 4975 nec
2053 4917 2191 4972 ruentes
2221 4980 2224 4985 ,

175 4991 249 5060 vnit
270 4995 369 5075 seiri,
397 5015 547 5061 nonnam
569 5017 648 5062 esse
676 5019 814 5084 operum
842 4998 968 5088 Legem
995 4998 1071 5066 Dei.
1091 4934 1158 5068 Ἥ
1212 5014 1332 5071 contre
1360 5004 1612 5080 conscientiam,
1647 4999 1708 5066 sed
1729 4994 1945 5083 deplorantes
1973 5003 2121 5059 nostram
2141 4991 2191 5057 in·

175 5081 288 5146 statim
308 5081 415 5147 addita
442 5080 507 5169 Qut
528 5075 609 5148 iacit
629 5096 822 5170 peccatum,
852 5104 896 5152 ex
915 5083 1063 5154 Diaboio
1091 5097 1156 5153 est
1210 5084 1418 5172 brmitatarn,
1444 5109 1487 5156 ac
1507 5097 1660 5174 petentes
1680 5097 1719 5153 'et
1745 5083 1920 5151 credemm
1946 5077 2188 5159 rudissionarn,

227 5190 473 5263 ulmeam
492 5218 577 5261 xxm.
637 5220 644 5233 ·
1972 5200 1990 5254 ⁸

1110 5356 1152 5435 Ι

1515 3991 1652 4074 Tertia
1682 3991 1919 4101 quaestio·
2030 4096 2041 4123 Ι
2150 4095 2155 4104 ν
2201 4028 2213 4073 .'
