4628 5588
25 4247 29 4253 '
146 4232 218 4301 liati
250 4249 340 4302 sunt.
384 4240 475 4317 item,
508 4235 632 4303 Psalrn.
655 4240 708 4303 72.
753 4240 895 4324 Propter
926 4240 1130 4325 iniquitatem
1183 4242 1356 4306 dictorem.
1399 4237 1442 4303 Et
1469 4249 1647 4325 prepterea
1675 4240 1864 4305 nominatur
1890 4259 1931 4305 eu

145 156 256 255 aaa
763 137 820 246 ἰι
843 175 1113 245 sxrsrunrre
1142 167 1342 238 srnaeur
1361 143 1538 279 meme·
1614 160 1620 175 ’
1775 269 1776 272 ¹
1974 228 1976 233 .
2076 152 2166 275 ,ιιι

47 366 53 379 “
145 390 225 441 reus
259 372 328 435 irae
349 368 414 435 Dei
435 380 469 434 et
490 386 620 453 poenae
642 378 815 445 aeternae,
837 376 875 431 ut
897 362 988 431 clare
1010 366 1129 432 dicitnr
1179 359 1290 425 munia
1322 367 1357 424 et
1390 353 1727 423 commonefactiencs
1760 357 1804 422 de
1835 357 1886 421 ira
1917 353 1993 422 Dei.
2043 357 2165 423 Ostan-

147 443 177 525 1'.
191 455 313 524 'lebam
336 456 367 521 3.
412 453 478 530 Qui
506 452 586 521 iacit
607 464 800 549 paccatum,
831 474 873 518 ex
893 449 1040 518 Diabelu
1064 464 1127 518 est.
1180 444 1301 511 duntur
1327 464 1457 530 poenae
1489 446 1524 509 in
1550 456 1623 548 toto
1653 463 1777 594 penore
1806 440 1970 548 humabo,
2004 456 2038 510 et
2068 442 2165 511 Deus

147 546 179 611 1.
202 542 282 609 Cer.
303 542 336 607 6.
369 542 481 608 Nolite
504 560 630 619 errare,
653 551 873 619 scortatores,
894 535 1047 619 adulteri,
1070 536 1127 604 bo·
1179 527 1283 596 multa
1315 528 1468 616 exempla
1489 533 1593 596 scrrbr
1616 552 1659 598 vu
1673 544 1740 610 un,
1772 527 1845 596 vult
1871 541 1971 616 rgrtur
2003 550 2063 596 eas
2085 551 2165 603 con·

144 630 287 697 micidae
306 639 371 694 etc.
395 644 466 693 non
481 628 700 714 possidebunt
722 647 860 713 regnum
873 624 947 704 Dei,
969 638 1033 693 etc.
1066 624 1129 691 Est
1181 618 1325 684 siderant
1347 634 1380 683 et
1402 614 1742 713 comunenesactionea
1763 635 1843 683 esse
1859 616 1903 682 de
1922 616 1973 681 ira
1994 636 2064 685 sus

144 730 179 785 et
199 715 286 781 haec
306 717 494 781 necessitas
516 713 760 779 consideranda
789 733 830 778 ex
849 715 965 778 ordine
987 714 1128 797 partium

143 802 390 884 conversionis
424 802 513 887 quod
546 819 590 865 ne
621 810 748 883 petestx
767 819 846 864 asse
874 799 1005 884 quidem
1028 799 1128 864 fides
1577 874 1586 891 0

143 890 253 968 iniis,
275 888 332 974 qui
354 899 431 951 sunt
453 889 526 952 sine
547 886 768 971 poenitentia,
799 897 832 949 et
854 897 1073 968 perseverant
1093 885 1127 949 in
1267 874 1344 941 Non
1364 875 1468 962 igitur
1488 872 1673 960 sophistice
1695 875 1914 960 disputemus,
1934 895 2004 942 nen
2018 887 2165 944 metnem

144 972 276 1044 delictis
299 985 417 1039 centra
439 972 689 1037 conscientiam.
733 971 811 1037 ideo
840 972 959 1036 dicitur
986 972 1019 1035 in
1041 971 1127 1036 iura·
1181 963 1244 1027 das
1265 982 1343 1027 esse
1365 982 1510 1047 peenas,
1544 963 1623 1048 quia
1645 973 1737 1027 recte
1764 963 1953 1028 iaciendum
1974 964 2035 1044 sit,
2067 966 2165 1031 elien

143 1072 272 1127 mentor
293 1058 383 1125 Vive
402 1080 478 1145 ege,
497 1056 765 1135 dicitDuminus,
788 1054 868 1122 nelo
890 1068 1028 1123 mortem
1049 1077 1128 1141 pec·
1179 1067 1249 1114 uon
1282 1060 1372 1114 metu
1401 1069 1543 1135 poenae.
1600 1047 1663 1113 llic
1696 1050 1976 1115 considerandum
2008 1062 2061 1115 est
2097 1050 2165 1121 lece

145 1147 285 1223 catoris,
315 1146 377 1210 sad
405 1157 442 1211 ut
473 1155 690 1211 convertatur
723 1155 757 1208 et
788 1146 890 1221 vivat.
937 1143 968 1208 1.
991 1140 1069 1208 Cer.
1094 1142 1127 1207 ii
1180 1154 1326 1221 quoque,
1349 1137 1442 1220 qued
1464 1146 1622 1200 aeternae
1645 1154 1775 1218 poenae
1796 1138 1862 1201 sint
1883 1136 2030 1203 infinitus
2053 1158 2165 1204 cuma·

142 1229 254 1301 Nolite
264 1252 390 1311 errare,
412 1243 631 1308 scortatores,
653 1227 805 1310 adulteri,
829 1229 1027 1309 homicidae,
1059 1250 1128 1295 non
1179 1219 1234 1287 lus
1256 1230 1470 1287 aeternorum
1496 1232 1723 1307 peccatorum.
1766 1220 1810 1289 Et
1836 1223 1956 1309 poenis
1978 1219 2165 1308 temporali·

143 1318 365 1404 possidebunt
386 1339 527 1401 regnum
548 1315 626 1381 Dei.
1180 1309 1244 1372 bus
1271 1304 1374 1372 multa
1398 1321 1540 1394 peecata
1568 1304 1727 1392 implicita
1747 1320 1842 1389 sunt,
1874 1313 1964 1376 sient
1989 1310 2024 1375 in
2045 1310 2165 1396 poenis
2281 1321 2284 1327 '

1180 1391 1289 1459 Saulis
1311 1406 1344 1458 et
1365 1393 1508 1460 Davidis
1529 1390 1673 1481 intelligi
1694 1405 1825 1479 potsse
1944 1438 1956 1455 ,,

231 1486 343 1553 Tertia
364 1489 553 1554 necessitas
571 1497 624 1552 est
639 1487 760 1552 vitandi
779 1506 906 1572 peenas
925 1478 1128 1572 temporalis
1227 1507 1254 1516 ”
1469 1498 1471 1502 >

143 1586 178 1726 ξι
199 1585 381 1724 werp.
383 1571 588 1724 prieogrggi
598 1575 763 1725 ,2112332
787 1585 1128 1725 rppgfpuppgg
1216 1610 1219 1614 *
1264 1596 1476 1681 eret-mm
1498 1616 1540 1680 ι.
1561 1588 1856 1699 „aarum
1882 1617 2166 1704 qumanana.

420 1681 588 1848 ιιι
611 1746 787 1827 ιι
810 1703 844 1811 ι
865 1702 943 1813 ι
1178 1703 1823 1875 trieserutriceum
1845 1705 2177 1857 ιιιιιιιιιι

142 1852 198 1901 ⁰¹⁸
215 1833 348 1899 κάκη
371 1833 414 1898 ad
437 1845 604 1937 ΨΜ·
1178 1886 1306 1941 ternam
1339 1875 1381 1939 de
1414 1876 1601 1962 condigne,
1633 1877 1670 1941 ιἰι
1702 1877 1766 1961 ipsi
1794 1873 1985 1963 loquuntur.
2040 1876 2166 1942 Dicunt

1176 1961 1266 2040 item,
1287 1962 1378 2048 qued
1399 1963 1468 2026 sint
1487 1959 1634 2048 impletio
1654 1960 1758 2050 Legis
1780 1972 1813 2028 et
1833 1964 1975 2048 pretium
1992 1963 2082 2029 vitae
2110 1981 2166 2028 ae·

1178 2059 1305 2128 ternae,
1328 2061 1362 2113 et
1383 2059 1494 2113 tamen
1516 2049 1629 2114 iubent
1650 2048 1802 2114 hemines
1820 2069 1957 2115 manere
1978 2050 2012 2114 in
2036 2049 2166 2114 dubita·

1177 2136 1279 2214 tione,
1301 2146 1336 2199 at
1358 2134 1543 2199 doctrinam
1565 2135 1645 2199 iidei
1667 2136 1822 2202 obruunt.
1866 2136 1941 2202 Hoc
1962 2146 2068 2201 tetum
2088 2132 2165 2219 χάος

229 2001 284 2070 De
305 1988 545 2086 temporalibus
561 2005 680 2090 poenis
701 2005 873 2071 sciendum
891 2014 944 2069 est
965 2000 1126 2086 plurimas

78 2117 80 2121 ·
144 2108 285 2163 maenas
307 2087 513 2155 calamitates
541 2091 573 2155 in
597 2111 723 2177 genere
744 2090 889 2156 humane
917 2090 1071 2175 privatim
1092 2102 1126 2158 et

192 2173 279 2239 blica
305 2195 432 2259 poenas
460 2196 539 2242 esse
568 2192 741 2245 certorum
774 2173 939 2262 lapsuum,
973 2177 1070 2241 etiam
1092 2177 1126 2243 in

143 2261 597 2434 „iissntifssmffigfffi‘
630 2264 1128 2436 {ziglwgemwffidgaffi
1179 2309 1296 2375 ordine
1319 2325 1432 2372 veram
1455 2308 1639 2372 doctrinam
1662 2308 1706 2373 de
1727 2244 1820 2389 ilde,
1842 2308 1919 2374 itam
1942 2309 1984 2374 de
2005 2309 2164 2375 obedien·

143 2434 321 2517 agentibus
350 2436 596 2518 paenitentiam,
625 2446 659 2501 et
681 2433 774 2500 Deus
804 2437 838 2500 in
859 2436 910 2499 ira
928 2435 1128 2518 recordatur
1179 2395 1236 2473 ἥθ’
1258 2389 1367 2480 (Ῑυαιὶθ
1388 2394 1436 2458 ⁸st
1456 2406 1491 2457 ‘³‘
1512 2393 1681 2479 q⁰⁰¹¹⁰¹¹⁰
1707 2390 1855 2482 Placeat·
1897 2392 1985 2479 Sim.
2000 2395 2102 2482 ibim
2129 2392 2165 2459 ¹¹¹
2257 2383 2263 2410 ι

143 2519 403 2599 misericordiae,
435 2522 526 2606 quod
555 2523 775 2588 certissimum
797 2532 864 2599 est,
895 2534 1008 2587 tamen
1028 2522 1128 2586 etiam
1180 2492 1365 2566 ΜΡΝ
1384 2478 1451 2544 ¹¹⁸⁰
1471 2477 1620 2567 regum·

147 2605 296 2669 ostendit
314 2607 504 2672 testimonia
525 2607 597 2673 irae
618 2608 784 2674 adversus
806 2617 959 2693 peccata,
991 2616 1025 2673 et
1045 2604 1129 2672 mul·

146 2698 201 2755 tos
222 2688 342 2775 lapsus
364 2712 483 2757 severe
503 2695 608 2777 punit,
630 2691 817 2760 utEcclas.
833 2692 866 2758 8.
888 2692 1027 2758 dicitur:
1051 2692 1128 2756 Non
1239 2693 1254 2720 ⁸
1267 2701 1414 2768 Primum
1456 2703 1613 2769 remissio
1650 2712 1886 2788 peecatorum,
1923 2701 2165 2785 reconciliatio,
2231 2718 2234 2724 ·

65 2814 68 2818 ·
147 2776 209 2841 erit
231 2776 391 2861 impunita
412 2778 579 2862 impletam
612 2778 657 2844 Ut
679 2792 817 2865 prepter
837 2777 979 2844 Davidis
1001 2776 1130 2843 adulte·
1180 2787 1359 2855 vivificatio
1378 2807 1439 2873 per
1459 2786 1576 2854 Filium
1597 2800 1632 2855 et
1653 2790 1811 2875 Spiritum
1832 2802 2004 2870 sanctum,
2026 2801 2060 2855 et
2087 2788 2166 2854 bae
2267 2780 2272 2790 ’

144 2860 231 2929 rium
263 2875 297 2927 et
329 2864 555 2945 homicidium,
598 2878 717 2933 secuta
748 2878 800 2932 esi
819 2862 988 2931 horribilis
1010 2864 1130 2929 seditio
1181 2877 1307 2940 reditas
1340 2876 1430 2941 vitae
1469 2886 1642 2957 aeternae,
1682 2877 1849 2943 donantur
1886 2878 1993 2965 gratis
2025 2887 2164 2964 propter

145 2959 281 3015 meta-a
300 2946 370 3015 filie
392 2962 455 3017 etc.
953 3025 960 3046 ,
1180 2960 1352 3028 Christum
1374 2961 1599 3027 credentibus.

233 3117 351 3187 Cultus
373 3119 458 3188 idoli
479 3122 665 3207 permissus
695 3142 716 3187 a
737 3120 920 3189 Salomone
940 3125 1047 3188 causa
1067 3118 1129 3187 fuit

147 3199 395 3325 dilacerationis
425 3210 532 3357 regni,
559 3229 646 3296 quae
667 3221 786 3292 postea
806 3210 959 3294 praebuit
980 3209 1139 3279 eccesie-1

147 3288 343 3391 nem’beilte
365 3313 439 3359 srnc
486 3314 538 3359 ne.

1207 3174 1209 3183 “
1268 3167 1436 3239 Secundo,
1458 3167 1556 3235 Nova
1578 3170 1765 3236 obedientia
1785 3168 1820 3234 in
1842 3166 2001 3236 haesita
2020 3188 2089 3236 non
2112 3186 2166 3235 stt·

1181 3251 1303 3321 tisiacit
1315 3255 1397 3343 Legi
1407 3253 1488 3334 Dei,
1500 3267 1533 3321 et
1545 3277 1613 3323 non
1628 3268 1680 3322 est
1691 3258 1842 3323 meritum
1851 3276 1910 3320 seu
1923 3256 2064 3341 pretium
2075 3255 2166 3321 vitae

1181 3355 1357 3422 aeternae,
1386 3345 1453 3406 inre
1484 3341 1596 3408 adhuc
1624 3354 1757 3408 manent
1783 3343 1818 3408 in
1845 3343 1969 3409 renatis
2000 3339 2106 3409 multa
2132 3350 2167 3407 et

233 3459 373 3548 Propter
393 3462 553 3530 Manasse
588 3414 712 3529 bellum
744 3461 870 3530 illatum
903 3477 957 3531 est
988 3466 1128 3550 patriae.
1182 3430 1290 3556 ΨΜ
1310 3441 1468 3514 mam
1490 3440 1527 3495 ut
1549 3449 1654 3517 ⁸⁸⁸1*
1677 3430 1831 3496 dmm·

146 3544 301 3633 Denique
322 3561 392 3616 tota
424 3553 494 3616 vita
524 3550 692 3655 privatim·
708 3561 743 3615 et
774 3547 920 3656 publice,
933 3549 1047 3656 ‘plena
1076 3564 1130 3619 est
1348 3636 1357 3654 ·
1641 3637 1649 3655 ι
1808 3635 1816 3654 ⁶

146 3632 2167 3809 sititistiieiunii?dimisisti:,1202iii0riltirt‘lttiiiltliiiii‘tdi‘iz
2219 3718 2224 3732 ·
2277 3671 2281 3679 “

11 3858 16 3865 .
87 3838 93 3845 ’
147 3807 235 3873 diam
256 3821 368 3873 autern
389 3829 496 3875 meam
519 3830 587 3873 non
609 3806 755 3875 auferam
779 3811 821 3874 ab
844 3810 902 3876 eis.
947 3808 990 3875 Et
1018 3810 1050 3875 in
1073 3830 1131 3897 ge·
1182 3831 1258 3874 curn
1280 3808 1427 3894 praemia
1448 3827 1469 3870 a
1491 3806 1566 3873 Dee
1585 3807 1790 3873 obeuntur-t
1832 3806 2046 3958 Respondeo.
2088 3806 2167 3873 Nun

148 3912 229 3957 nere
251 3894 369 3998 dicitur
376 3916 386 3999 ι
411 3896 523 4000 ieram.
546 3897 600 4000 dd.
634 3894 747 3967 Quare
769 3897 820 4000 sie
836 3893 914 3998 iecit
935 3894 1031 3961 Deus
1053 3896 1131 4002 huic
1182 3905 1235 3960 ast
1255 3892 1345 3998 baec
1362 3893 1519 3998 dignitas,
1530 3897 1619 3981 qnod
1638 3895 1705 3959 sint
1715 3892 1818 4045 [ἄιε
1829 3895 1896 3979 imp
1911 3893 1991 3973 atie,
2012 3895 2166 3960 meritum

147 3998 289 4131 latiis
322 3992 477 4151 iiiii·
496 3977 884 4139 diiudicati-'tt‘
905 3994 995 4133 rii,
1022 3981 1131 4133 iiii
1182 3992 1511 4133 diffidit?
1526 3993 1753 4133 tidie,
1770 3978 2073 4152 ..ῗὲἕξὲῗῗιῗέἆ
2088 3999 2168 4131 tit
2295 4096 2299 4103 -

146 4169 237 4215 nuru.
284 4110 405 4215 i’sulnr.
432 4152 501 4217 106.
546 4151 690 4238 Propter
721 4091 896 4219 iniustitias
921 4174 1004 4219 suas
1027 4153 1131 4220 bumi-
1182 4175 1271 4221 neve
1293 4151 1492 4230 obedientia,
1512 4165 1550 4218 ιιι
1572 4155 1695 4220 dictum
1717 4166 1770 4218 est
1792 4174 1911 4238 snpra,
1927 4110 2071 4302 prepter
2088 4150 2166 4254 bie-

147 4340 243 4388 snam
272 4325 449 4406 perierunt.
494 4322 594 4389 biicb.
618 4346 692 4410 cap.
714 4326 745 4389 7.
761 4400 765 4407 ¹
780 4326 859 4392 dicit
892 4326 935 4391 de
956 4324 1128 4391 Ecclesiae
1182 4326 1392 4392 sacrificium.
1438 4323 1530 4391 Talis
1552 4338 1605 4391 est
1626 4327 1787 4413 dignitas:
1821 4327 1898 4412 quia
1924 4236 2167 4409 piiierltieilceri

12 4484 15 4488 Α
148 4406 233 4477 iram
256 4407 388 4474 Domini
413 4412 568 4494 portabo,
595 4433 675 4497 qma
695 4413 835 4497 peccavi
857 4413 899 4477 ei.
943 4412 984 4477 Et
1007 4410 1130 4479 Daniel
1182 4425 1216 4477 et
1237 4431 1316 4476 esse
1338 4411 1521 4490 sacrificia,
1552 4433 1710 4501 magnum
1739 4414 1860 4477 bonurn
1889 4422 1951 4476 est.
1994 4409 2070 4474 Non
2092 4405 2167 4476 velt

147 4495 269 4580 inquit:
292 4495 364 4561 Tibi
386 4494 530 4561 Domine
553 4499 688 4576 iustitia,
719 4500 816 4564 nubis
841 4510 951 4564 autern
975 4496 1130 4565 confusio
1180 4498 1277 4564 Deus
1299 4500 1410 4583 perire
1431 4512 1535 4564 totum
1560 4519 1668 4587 genus
1690 4496 1889 4576 humanum,
1919 4496 1979 4560 sed
2002 4497 2166 4561 immensa

147 4577 244 4645 faciei
268 4596 405 4647 nostrae
427 4596 511 4648 etc.-
538 4582 577 4647 Et
601 4581 809 4669 explodenda
842 4597 896 4649 est
918 4581 974 4649 ilia
995 4584 1131 4671 frigide,
1181 4586 1411 4651 misericordia
1429 4583 1556 4670 colligit
1572 4606 1613 4649 cx
1636 4604 1677 4650 ee
1699 4596 1867 4649 aeternam
1889 4579 2089 4661 Ecclesiam,
2110 4579 2166 4648 col

148 4665 332 4751 sepbistica
354 4681 389 4734 et
408 4667 510 4734 stulta
533 4668 712 4748 cavillatio,
734 4691 820 4756 quae
842 4671 1052 4755 reprehendit
1075 4661 1131 4737 be*-
1182 4692 1221 4737 se
1239 4675 1272 4737 in
1295 4683 1365 4736 tota
1387 4673 1583 4737 aeternitate
1597 4666 1826 4748 communicet,
1845 4667 1977 4735 dbanc
1994 4666 2166 4735 cellectio·

148 4751 283 4819 nei‘acte
305 4767 393 4821 metu
414 4776 554 4841 poenae.
595 4754 690 4821 biuiti
714 4769 790 4822 sunt
813 4756 899 4822 fines
921 4759 1018 4823 errius
1040 4755 1132 4838 iacti,
1181 4778 1257 4823 nem
1280 4770 1313 4822 et
1335 4758 1662 4824 communicationem
1681 4754 1752 4822 vult
1773 4755 1923 4821 inchoari
1945 4754 1978 4819 in
2000 4755 2164 4821 beennon·

148 4839 210 4903 sed
233 4842 383 4907 ordinati.
430 4844 547 4907 Sciunt
574 4844 680 4908 sancti
705 4845 841 4927 primum
865 4855 1001 4928 prepter
1021 4843 1130 4909 Deum
1182 4842 1241 4909 tali
1272 4845 1353 4922 vita,
1386 4843 1452 4911 Per
1473 4845 1560 4910 banc
1576 4840 1762 4910 Ecclesiam
1784 4841 1857 4908 vuit
1877 4842 2031 4929 agnosci,
2054 4852 2087 4906 et
2109 4859 2165 4906 ce·

148 4904 443 4993 recteiacienduni
460 4948 549 5008 esse,
572 4932 633 4994 sed
656 4929 765 4994 sciunt
787 4928 852 4995 bec
874 4951 1019 5016 queque,
1041 4928 1131 4997 velie
1181 4927 1305 4997 lebrari
1328 4930 1490 5010 doctrina,
1513 4945 1547 4996 et
1570 4942 1665 4995 certe
1687 4929 1785 4995 modo
1803 4928 2024 5008 obedientiae,
2044 4937 2078 4992 at
2092 4920 2193 4991 vrrlt-

148 5007 258 5079 Deum
280 5015 430 5099 conspici
452 5016 534 5081 iram
557 5036 652 5080 suam
673 5017 706 5079 in
735 5018 865 5101 poenis,
897 5029 931 5081 et
953 5014 1042 5083 velle
1064 5037 1131 5082 me·
1182 5036 1257 5082 eam
1270 5017 1434 5084 ,discerni
1466 5019 1511 5082 ab
1545 5016 1665 5101 impiis.
1720 5016 1796 5081 Non
1827 5012 1963 5101 placent
1991 5015 2167 5099 impiorum

149 5098 199 5167 nrt
219 5117 348 5185 poerras
361 5114 564 5186 'praesentes
587 5113 623 5168 et
641 5101 787 5184 laturas,
818 5102 897 5189 quia
927 5116 1008 5170 sant
1038 5105 1131 5171 testi·
1181 5104 1347 5184 actiones„
1364 5122 1556 5190 quanquam
1576 5099 1788 5186 splendidam
1810 5101 1882 5170 Sed
1897 5102 1990 5189 prior
2005 5098 2165 5165 obedien·
2242 5182 2273 5189 ..

1179 2241 1330 2286 errorum
1354 2221 1575 2286 darnnaudum
1596 2232 1658 2285 est.
1689 2226 1733 2287 Su
1758 2242 1797 2287 ra
1817 2235 1927 2287 autem
1949 2222 2164 2308 exposuimus
2255 2300 2263 2307 .
