4628 5588
152 369 284 455 integra
311 361 457 450 impletio
490 364 594 453 legis
624 367 660 431 iu
691 364 756 435 hac
788 368 867 447 vita,
896 368 958 432 sed
990 379 1027 432 ut
1055 368 1135 447 dixi,

91 526 96 541 ,
151 454 416 522 Fundamentum
438 465 529 518 reete
554 464 717 530 teneatur,
740 452 773 518 id
796 467 864 534 est,
886 455 1016 520 nonsit
1040 475 1135 521 error

152 544 187 609 in
209 538 358 606 articulis
381 539 469 605 fidoi.
533 537 659 605 Pardus
682 542 768 606 enim
789 541 906 626 inquit,
929 540 1135 607 Fundamen-

151 639 221 696 tum
244 625 335 694 aliud
353 628 445 712 ‘poni
473 640 546 691 non
567 626 699 712 potest,
731 640 866 713 praeter
886 629 941 706 id,
962 630 1053 714 quod
1076 649 1135 713 po·

82 720 90 739 '
151 717 253 782 situm
282 725 352 792 est,
385 714 475 800 quod
497 726 550 780 est
571 713 665 781 lesus
687 712 852 781 Christus.
895 712 937 779 Et
959 725 1069 780 tamen
1092 715 1135 781 de

71 845 89 891 3
150 802 226 889 ipso
248 798 461 866 fundamento
480 800 516 867 in
531 798 607 865 aliis
617 798 707 886 plus,
724 797 842 868 inaliis
854 802 963 867 minus
975 797 1135 868 estlueis.

215 971 282 1043 ,Et
303 969 428 1039 Paulus
445 973 565 1058 in'quitt
595 970 691 1038 Alios
714 995 850 1053 summ,
884 969 968 1038 alios
991 970 1134 1059 stipulas

151 1072 306 1129 extruere
337 1080 442 1144 supra
472 1059 737 1138 fundamentum,
770 1061 856 1125 sicut
878 1057 975 1127 valde
996 1057 1134 1125 muitum

132 1158 206 1213 -est
222 1142 420 1231 stipularum
442 1147 473 1211 in
496 1143 646 1231 plurimis
668 1148 902 1232 sumptoribus,
924 1146 1009 1233 ,quia
1032 1167 1134 1233 quae·

151 1231 233 1299 libet
253 1247 401 1319 tempora
424 1231 549 1299 hahent
571 1255 634 1298 sua
657 1237 821 1321 contagia.
866 1234 1054 1321 Cyprianus
1076 1236 1134 1299 ab·

152 1319 255 1386 surde
288 1320 385 1399 dicit,
418 1320 562 1385 Peccata
584 1334 663 1406 post
684 1322 890 1406 Baptismum
915 1320 1034 1385 remitti
1056 1342 1133 1406 pro·

150 1420 226 1493 pter
247 1404 501 1493 Eleemosynas.
555 1407 637 1473 item
659 1408 754 1473 ninnis
777 1409 987 1475 contentiose
1008 1418 1136 1494 pugnet

151 1494 193 1558 de
216 1494 330 1559 ritibus
377 1491 503 1558 uhlicae
528 1496 749 1579 poenitentiae
771 1497 823 1561 sui
849 1495 1007 1579 temporis
1031 1495 1135 1578 inqui·

152 1600 229 1647 cns:
263 1515 413 1645 luutillem
438 1600 516 1646 esse
547 1579 791 1648 absolutionem
814 1583 886 1647 sine
914 1579 980 1646 illis
1003 1593 1134 1663 specta·

126 1665 259 1733 culis:
293 1677 327 1731 et
360 1680 469 1733 tamen
502 1666 581 1732 talis
613 1670 665 1735 vir
692 1673 813 1755 postea
834 1679 993 1733 constans
1015 1669 1077 1735 t‘uit
1099 1668 1133 1733 in

151 1750 366 1819 confessione
384 1765 417 1818 et
433 1753 541 1818 laetus
563 1752 699 1839 pertulit
726 1754 933 1840 supplicium.
1001 1753 1134 1839 Cogite·

149 1859 225 1906 mus
245 1842 345 1928 igitur
366 1862 430 1905 nos
451 1862 519 1906 non
543 1862 622 1908 esse
644 1843 835 1922 omnisetos,
858 1854 891 1907 et
915 1843 1020 1907 simus
1043 1841 1134 1905 doci·

151 1923 215 2007 les,
237 1939 270 1995 et
291 1929 435 1999 studium
458 1928 607 1995 discendi
636 1940 670 1994 et
694 1931 921 2015 precationem
952 1930 1132 2014 coniunga-

152 2032 238 2079 taus.

797 176 850 253 v,
862 174 1131 245 rxrmeamo
1153 177 1355 249 srttaont
1373 178 1537 269 mount

1644 369 1723 438 XV.

1236 565 1499 678 'Impossibile
1544 577 1608 649 est
1636 594 1755 652 nosse
1793 569 2050 679 voluntatem
2090 566 2175 657 Dei

1308 716 1406 798 erga
1436 717 1522 792 nos,
1553 687 1668 772 iuxta
1699 690 1874 774 dictum:
1906 689 2008 813 Quis
2038 691 2172 776 eonsi-

1307 808 1440 891 liarius
1472 809 1557 910 eius
1588 808 1695 892 suit?

1248 923 1426 1012 Credere
1457 930 1571 1041 quod
1592 930 1747 1014 habeas
1768 931 2046 1018 remissionem
2072 962 2172 1047 pec·

1308 1062 1502 1157 catorum,
1551 1062 1615 1136 est
1657 1052 1810 1164 aliquid
1851 1084 2084 1141 asseverare
2129 1067 2196 1141 et*

1307 1170 1509 1256 affirmare
1533 1173 1587 1257 de
1613 1176 1824 1259 voluntate
1833 1177 1926 1289 ,Dei
1957 1206 2055 1290 erga
2085 1206 2174 1293 nos,

1247 1292 1363 1377 Haec
1400 1294 1542 1406 igilur,
1563 1294 1780 1380 affirmatio
1813 1310 1876 1381 est
1906 1298 2173 1412 impossibilis.

1272 1509 1475 1597 Respondeo
1497 1514 1707 1579 brevissime.
1751 1514 1849 1600 Nego
1872 1516 2030 1582 maiorem
2052 1517 2095 1581 de
2118 1536 2172 1582 re·

1186 1594 1300 1663 velata
1321 1597 1385 1663 Dei
1408 1597 1591 1665 voluntate.
1638 1600 1817 1686 Utramque
1838 1615 1948 1668 autem
1966 1625 2083 1669 vocem
2107 1602 2172 1668 tra·

1187 1685 1268 1749 didit
1299 1683 1394 1749 Deus
1427 1685 1554 1774 Legem
1588 1698 1622 1751 et
1644 1685 1872 1774 Evangelium.
1938 1690 1992 1754 Aa
2015 1687 2084 1755 vult
2107 1710 2171 1757 nos

1186 1782 1279 1836 certo
1313 1772 1402 1836 scire
1423 1771 1511 1836 hanc
1533 1794 1630 1838 suam
1652 1793 1730 1838 esse
1759 1773 1982 1854 voluntatem,
2016 1796 2115 1861 quam
2136 1776 2172 1843 in

1185 1855 1300 1922 Verbo
1323 1877 1385 1938 suo
1408 1860 1583 1943 expressit.
1630 1858 1683 1925 Ac
1706 1861 1749 1925 de
1771 1860 1866 1946 Lege
1886 1863 1995 1926 minus
2018 1862 2170 1928 ottscuri·

1184 1946 1263 2009 tatis
1286 1955 1350 2023 est,
1385 1949 1461 2030 quia
1485 1946 1604 2010 rationi
1626 1958 1707 2010 nota
1728 1950 1799 2026 est,
1823 1960 1856 2012 et
1879 1947 2004 2012 ttotses
2025 1948 2100 2034 ipse
2122 1950 2173 2013 in·

1184 2032 1254 2116 quit
1276 2043 1393 2096 eontra
1410 2030 1617 2117 Pyrr-ironias
1640 2032 1880 2098 dubitationes:
1902 2034 2072 2113 Nemees,
2095 2036 2173 2120 quis
2211 2031 2219 2055 ”
2258 2104 2261 2109 ,
2284 2112 2292 2121 ,

1072 2168 1079 2178 .
1184 2119 1347 2182 ascendet
1368 2118 1400 2181 in
1424 2118 1566 2198 coelum,
1589 2119 1680 2183 iuxta
1701 2130 1734 2183 te
1756 2133 1810 2185 cst
1830 2140 1943 2184 senno
1974 2121 2006 2183 in
2030 2142 2089 2186 ore
2112 2135 2170 2187 tuo

590 2339 691 2405 xlttt.

209 2534 345 2619 Nemo
389 2537 523 2647 placet
568 2536 661 2621 Deo
697 2537 772 2620 nisi
810 2537 967 2621 habens
1004 2567 1134 2621 novas

269 2658 440 2741 virtutes
471 2670 580 2745 ortas
610 2690 636 2742 a
666 2657 817 2770 Spiritu
846 2670 998 2763 sancto,

207 2777 344 2863 Nemo
381 2791 519 2891 potest
556 2778 759 2862 affirmare
790 2809 834 2863 se
864 2781 1019 2862 habere
1049 2780 1133 2863 illas

268 2901 458 2984 virtutes:
499 2900 606 3002 Quia
635 2912 807 3012 possunt
836 2928 924 2985 esse
961 2901 1132 2984 virtutes

269 3021 417 3104 similes
449 3033 561 3133 ortae
592 3052 618 3105 a
648 3022 815 3128 ratione,

160 3256 164 3263 Ι
209 3141 317 3346 Εῐςὸ)
348 3171 470 3225 nomo
501 3154 639 3256 potest
668 3142 870 3227 affirmare
900 3172 944 3226 se
974 3144 1134 3256 placere

312 3293 372 3347 eo.

235 3442 450 3535 Respondeo.
494 3446 593 3535 Nego
615 3446 789 3526 minorem,
811 3446 890 3533 quia
909 3447 944 3512 in
961 3466 1135 3512 veracem

84 3593 87 3597 .
150 3533 306 3601 versione
335 3551 396 3600 seu
428 3534 631 3620 poenitentia
663 3545 842 3620 utrumque
864 3534 1023 3601 dehemus
1045 3530 1135 3598 altir-

149 3641 252 3699 mere,
287 3632 321 3686 et
343 3623 434 3706 quod
451 3622 546 3687 detur
569 3622 720 3687 remissio
744 3632 882 3770 propter
903 3619 1144 3700 Mediatorem,¹

147 3718 183 3772 et
205 3707 295 3792 quod
318 3706 417 3773 simul
451 3706 657 3774 vivificemur
684 3728 744 3792 per
765 3706 803 3777 Fi
818 3708 883 3772 ium
906 3709 985 3773 dato
1004 3707 1134 3803 ⁴Spiritu
1258 3762 1266 3777 .

149 3805 266 3859 sancto
290 3795 395 3860 erecti
412 3814 498 3860 voce
519 3792 704 3882 Evangelii.
736 3792 780 3860 Et
803 3814 991 3883 quanquam
1014 3795 1134 3859 intueri

148 3900 242 3945 mens
261 3880 327 3946 lide
348 3879 566 3949 hlediatorem
588 3883 699 3962 debet,
720 3902 789 3948 non
816 3883 995 3948 novitatem
1017 3881 1050 3945 in
1073 3901 1132 3947 no·

149 3965 217 4031 his:
250 3978 363 4033 tamen
397 3966 496 4032 simul
524 3969 557 4033 in
591 3969 680 4034 veris
714 3967 887 4035 doloribus
922 3970 1023 4033 sentit
1043 3968 1132 4032 hanc
1184 4021 1192 4039 .

149 4049 425 4134 consolationem,
447 4055 539 4119 iuxta
559 4054 646 4119 haec
668 4057 772 4122 dieta:
802 4053 972 4122 iustificati
990 4053 1056 4120 fide
1073 4075 1131 4141 pa·

149 4158 221 4204 cem
242 4141 419 4204 hahemus.
486 4139 578 4220 item,
603 4139 783 4208 clamamus
807 4145 906 4208 Abba
929 4153 1032 4226 pater.
1088 4140 1131 4206 Et

148 4239 240 4292 recte
273 4227 378 4310 inquit
399 4227 625 4314 Augustini-ist
658 4226 809 4295 credens
832 4231 958 4295 scitae
982 4230 1131 4308 credere,

147 4310 279 4378 scilicet
310 4313 343 4376 in
370 4310 542 4377 doloribus
564 4315 714 4382 sentiens
738 4314 1012 4382 consolationem.
1078 4315 1131 4380 Ac
1182 4370 1283 4455 igitur
1304 4390 1373 4434 non
1395 4369 1537 4459 misflap
1557 4370 1655 4458 Legi,
1679 4372 1895 4437 gubpfflndum
1916 4381 1981 4436 est,
2015 4370 2175 4455 Bospori..
2276 4407 2285 4431 ·

148 4401 314 4471 certitudo
347 4400 380 4462 in
415 4397 632 4486 Philosophia
665 4415 697 4467 ct
730 4405 763 4468 in
793 4400 1026 4468 consolatione
1044 4422 1131 4487 quae

141 4482 183 4551 fit
217 4485 294 4564 lide,
327 4484 429 4550 hahet
462 4488 630 4552 contraria
661 4489 788 4555 itinera.
855 4488 890 4555 ln
914 4487 1131 4587 Philosophip

146 4573 319 4655 praecedit
342 4594 465 4638 sensus
488 4569 654 4660 colligens
677 4572 861 4662 singularia
894 4577 1130 4661 experimenta,

146 4672 267 4743 postea
290 4661 439 4745 seqnitur
461 4662 634 4726 assensiot
657 4661 725 4727 Sed
749 4662 886 4727 fidesic
915 4662 952 4727 fit
975 4660 1130 4728 consola·

146 4745 206 4820 tio,
231 4745 322 4830 prior
343 4758 395 4812 est
417 4748 588 4827 assensio,
621 4769 686 4833 qua
703 4761 842 4835 propter
858 4750 967 4816 Deum
989 4750 1130 4815 assenti-

146 4852 221 4898 mur
243 4835 348 4898 verbo
369 4854 429 4900 seu
442 4835 518 4901 voci
535 4835 679 4916 diduae,
703 4837 823 4902 deinde
834 4838 984 4924 sequitur
992 4832 1130 4902 laetitia.

820 5169 826 5192 ,
920 5100 939 5163 t

1184 2217 1218 2267 et
1239 2205 1272 2267 in
1296 2206 1486 2283 cordetuo,
1519 2216 1556 2269 ut
1577 2205 1684 2270 facias
1703 2202 1770 2270 illa.
1836 2206 1879 2271 Et
1901 2205 2027 2270 Paulus
2049 2209 2169 2294 inquitz

1184 2288 1296 2356 Nolite
1319 2309 1442 2374 errare,
1465 2302 1687 2370 scortatores,
1711 2290 1863 2366 adulteri,
1882 2293 2080 2375 homicidae,
2101 2314 2171 2361 non

1183 2377 1405 2460 possidebunt
1428 2397 1567 2463 regnum
1588 2376 1662 2442 Dei.
1707 2376 1821 2452 Quare
1843 2379 1937 2444 iuxta
1948 2379 2076 2467 Legem
2098 2400 2169 2446 cer·

1185 2474 1220 2527 to
1233 2475 1382 2529 statuere
1393 2464 1553 2529 dehemus
1565 2484 1695 2543 onrnes,
1718 2464 1826 2531 Deum
1842 2487 1923 2531 vere
1944 2467 2045 2531 irasci
2069 2467 2172 2531 ornai-

1184 2549 1249 2614 bus
1282 2546 1428 2617 orruiium
1459 2552 1620 2634 peccatis.
1686 2550 1818 2617 Deinde
1845 2563 1878 2616 et
1906 2573 1973 2618 vox
1995 2550 2172 2641 Evangelii

1184 2635 1339 2700 addenda
1360 2630 1490 2715 est,'de
1512 2658 1578 2723 qua
1600 2637 1735 2702 dicitur:
1765 2635 1869 2704 Filius
1891 2641 1947 2724 qui
1970 2652 2022 2705 est
2039 2641 2073 2704 in
2096 2642 2171 2704 sinu
2271 2656 2274 2661 ·

1185 2718 1306 2799 Patris,
1327 2724 1400 2805 ipae
1422 2725 1591 2788 enarravit
1612 2724 1721 2787 uobis.
1788 2724 1887 2804 ham,
1921 2724 1985 2798 Qui
2008 2728 2117 2792 crodit
2136 2727 2176 2791 i»

1184 2805 1322 2887 Filium,
1354 2806 1456 2873 hahet
1476 2809 1577 2874 vitam
1603 2822 1784 2876 aeternam.
1851 2810 2048 2878 Certissima
2067 2814 2175 2895 igitur.

1185 2906 1369 2960 statuamus
1403 2915 1535 2961 omnem
1556 2898 1810 2979 promissionem
1832 2884 2115 2964 reconciliationis
2136 2909 2172 2965 et

1185 2981 1276 3046 vitae
1297 2993 1456 3046 aeternae
1476 3002 1590 3047 reram
1612 3003 1710 3063 esse,
1743 3004 1831 3069 quae
1853 2985 1985 3072 quidem
2007 2997 2040 3051 et
2062 2988 2175 3051 morte

1186 3087 1228 3133 ae
1251 3068 1498 3134 resurreetione
1519 3068 1545 3133 F
1548 3068 1592 3133 ilii
1616 3072 1796 3158 obsignata
1817 3084 1881 3150 est,
1904 3083 1940 3136 et
1960 3069 2073 3137 nutis
2094 3068 2177 3138 illue

1186 3155 1312 3220 strihua
1334 3155 1529 3221 testimoniis
1552 3157 1757 3224 confirmata.
1811 3157 1925 3232 Quare
1951 3178 2095 3224 necare
2116 3167 2176 3224 eea

1187 3261 1251 3306 nos
1274 3242 1305 3306 ei
1327 3243 1478 3322 credere,
1500 3255 1535 3308 et
1557 3265 1632 3308 cum
1654 3246 1698 3309 ait
1718 3244 1932 3325 aniversalis,
1965 3242 2089 3332 singuli
2105 3263 2177 3310 uo·
2264 3255 2271 3270 '

1186 3328 1222 3393 in
1243 3338 1321 3393 eam'
1337 3326 1559 3409 includamus,
1593 3333 1816 3398 certissimum
1850 3344 1904 3398 est
1925 3333 2013 3397 anim
2034 3333 2175 3397 marala·

1187 3425 1256 3479 tran
1276 3413 1469 3481 universale
1496 3437 1573 3483 esse
1595 3430 1629 3482 et
1649 3416 1863 3496 immutabile,
1887 3430 1925 3484 ut
1947 3438 2063 3483 omnes
2085 3417 2112 3480 F
2114 3415 2174 3484 ilio

1187 3502 1381 3582 credamus,
1414 3522 1478 3567 nec
1510 3502 1690 3589 lingendae
1711 3518 1790 3570 sunt
1811 3505 2096 3570 contradictoriae
2111 3525 2172 3569 vo·
2276 3541 2292 3575 s

1186 3584 1332 3653 luntates
1352 3591 1388 3653 ia
1410 3587 1497 3653 Deo·
1563 3588 1617 3653 Ao
1638 3591 1744 3656 simus
1765 3610 1931 3657 memores
1953 3592 2032 3656 dieti
2054 3587 2174 3656 iohan-¹

1184 3674 1255 3739 nis:
1278 3673 1341 3747 Qui
1364 3696 1431 3740 non
1453 3675 1560 3741 credit
1580 3674 1670 3753 Deo,
1692 3678 1886 3763 mendacem
1909 3699 1984 3743 eum
2006 3674 2098 3745 beta
2126 3675 2176 3744 Et

1186 3763 1383 3868 certissime·
1393 3774 1590 3868 statuentia,
1612 3761 1728 3828 Filiam
1739 3762 1815 3871 pel
1836 3785 1992 3831 veracem
2019 3764 2176 3833 nuntium
2235 3776 2238 3783 '

1182 3847 2042 4024 tit,ttrtttsittttttff‘tt‘„bittit
2058 3850 2173 4004 :bit

1182 4043 1217 4086 m
1238 4043 1327 4103 mm,
1348 4043 1417 4129 oon
1438 4033 1567 4107 pereat,
1586 4024 1649 4089 sed
1670 4022 1794 4091 habnt
1813 4027 2120 4115 vitamaeternam.

1181 4180 1187 4188 ’
1270 4194 1340 4261 Sed
1375 4192 1520 4297 humana
1550 4199 1637 4263 ratio
1671 4200 1808 4350 appionit
1834 4197 1903 4264 hoc
1925 4209 2167 4305 argumentum.
2213 4174 2221 4185 ⁸

1183 4281 1307 4347 Addita
1330 4293 1384 4348 eet
1405 4284 1551 4351 conditio
1574 4283 1695 4371 Legise
1749 4308 1792 4353 oc
1814 4282 1870 4351 iae
1892 4298 1927 4350 et
1948 4305 2059 4351 vivest
2084 4282 2170 4350 Cum

1184 4457 1260 4521 deo.
1314 4454 1358 4543 Et
1379 4455 1447 4521 hoc
1469 4459 1577 4544 ipsum
1606 4461 1637 4524 in
1662 4456 1868 4524 revelatione
1890 4454 2065 4545 Evangelii
2089 4477 2170 4525 cou-

1183 4544 1397 4608 siderandum
1409 4556 1478 4625 est,
1501 4546 1576 4621 ideo
1599 4547 1759 4611 immensa
1777 4546 2008 4611 misericordia
2030 4546 2169 4613 missum

1183 4651 1262 4696 esse
1284 4629 1415 4710 Filium,
1438 4643 1476 4698 at
1496 4651 1560 4696 nos
1583 4653 1603 4696 a
1623 4630 2169 4719 maledictionehegisredimeret,

1183 4729 1216 4782 et
1244 4716 1358 4782 Gratis
1392 4730 1531 4803 propter
1564 4716 1682 4783 Filium
1712 4719 1829 4784 donari
1850 4717 2167 4785 reconciliationem.

1183 4803 1279 4870 Hane
1299 4801 1412 4889 lucem
1434 4802 1605 4890 Evangelii
1628 4806 1670 4869 de
1692 4805 1838 4890 gratuita
1864 4807 2087 4891 promissione
2109 4809 2168 4873 ob-

1183 4903 1320 4955 ruerunt
1354 4889 1528 4975 Papistae,
1561 4893 1616 4977 qui
1635 4890 1766 4978 lingunt
1786 4892 2001 4959 dubitandum
2024 4914 2102 4959 esse
2124 4895 2195 4959 de.

1182 4978 1391 5056 remissione,
1413 4979 1490 5063 quia
1511 4981 1655 5065 pendeat
1678 5000 1720 5045 ex
1744 4980 1934 5046 conditione
2058 4979 2167 5047 ,ttae

1182 5064 1288 5130 simus
1321 5062 1500 5169 vigilantes
1533 5066 1572 5130 iu·
1601 5067 1772 5133 retinendo
1795 5068 1986 5133 discrimine
2092 5078 2174 5135 set'
2214 5076 2221 5083 “

1181 5147 1376 5239 Evangelii,
1407 5161 1442 5220 et
1462 5162 1655 5242 quanquam
1674 5154 1872 5229 mesum
1891 5164 1946 5222 est
1964 5154 2177 5239 poeabeotls’
