4628 5588
153 167 222 255 ⁸1³
788 161 832 229 v.
855 158 1125 229 mrarcxrro
1148 158 1347 228 sunnon
1374 159 1536 235 nicam
1699 120 1707 131 ”
1827 137 1830 141 ’
1949 112 1967 219 ss
2104 168 2183 237 57,-

58 345 64 361 ¹
153 358 255 425 datur
285 353 395 433 Deus,
426 362 459 418 et
490 349 779 438 plnrcsghomines
830 351 958 417 erdant.
1023 350 1138 425 Quare
1188 350 1311 430 λη’πτην.
1356 349 1440 429 Lex,
1462 350 1539 415 Non
1562 351 1711 431 occides,
1731 353 1842 418 sancit
1861 353 2107 442 aequalitatem,
2129 380 2173 427 ne

154 438 429 529 magnifaciamas
447 440 653 517 castitatem,
686 448 720 504 et
740 439 774 503 in
811 439 1012 504 avocatione
1028 437 1138 503 Deam
1189 447 1225 503 ta
1247 436 1385 503 alterius
1408 457 1531 522 corpus
1553 436 1676 518 violes,
1698 459 1763 504 nec
1784 435 1871 507 alius
1895 452 2000 523 mum,
2032 445 2094 513 sed
2116 466 2173 512 ee·

154 531 385 597 discernamus
416 528 461 592 ab
488 527 642 591 omnibns
663 524 839 590 immundis
860 526 988 590 naturis
1011 527 1137 611 cogita·
1189 521 1335 611 qualiter
1355 536 1534 589 servemur
1565 524 1675 589 omma
1695 527 1849 593 membra·
1866 529 2002 615 pneris
2024 529 2172 598 humani.
2218 592 2228 617 ,

154 618 245 682 tione
268 614 442 680 castitatis.
507 610 582 698 Ego
605 630 767 696 expresse
790 612 881 677 dieo:
905 611 1002 676 Omni
1027 622 1137 691 otens,
1190 611 1239 675 lta
1272 609 1356 688 Lex,
1388 610 1464 674 Noa
1498 608 1622 674 lurtum
1646 607 1764 690 iacies,
1798 616 1907 681 sancit
1924 613 2171 703 equalitatem,
2222 618 2232 634 '

154 713 302 780 aeterne,
318 701 395 766 vive
416 697 523 779 Deus,
556 699 703 784 sapiens,
737 709 843 777 caste,
870 718 988 776 verax,
1003 633 1138 763 liberri-
1189 695 1350 762 naalteri
1373 698 1548 782 quicquam
1572 698 1694 780 eripias
1716 700 1749 764 vi
1771 697 1984 782 enodando,
2007 702 2170 771 necaliue

153 810 208 856 me
230 799 295 855 αθ,
1189 784 1249 847 tibi
1271 785 1446 933 qaicrppam
1465 784 1594 867 eripiat,
1615 784 1677 848 scd
1699 783 1883 870 acqualite?
1910 808 2006 854 suum
2029 791 2171 877 quisque

99 886 104 901 ·
1190 879 1313 934 teneat.
1391 890 1489 934 ursus
1512 870 1611 954 igitar
1640 872 1918 939 considerandam
1936 887 1990 940 est
2011 877 2045 941 in
2067 897 2171 964 nega·

243 958 398 1025 Sciamus
418 967 529 1022 antem
550 957 808 1042 inpraecepto,
840 955 918 1021 Non
939 953 1139 1020 moechabe·
1189 957 1266 1020 tivis
1287 958 1477 1040 praeceptis
1498 954 1734 1040 comprehendi
1755 955 1965 1026 affirmativa.
1989 960 2072 1028 Cam
2094 983 2172 1048 pro·
2284 948 2295 965 ‘

154 1028 223 1127 ris,
247 1042 580 1128 comprehendendas
602 1060 682 1107 esse
704 1042 1074 1127 omnesprohibitiones
1097 1042 1139 1107 de
1188 1040 1322 1107 bibetur
1343 1039 1486 1122 fta-tam,
1518 1044 1697 1127 perspicue
1719 1042 1935 1113 confirmatur
1952 1048 2171 1117 dominiorum

154 1134 295 1201 incestis
317 1131 607 1196 commixtionibus
629 1129 783 1193 recitatas
811 1126 925 1194 Levia
941 1127 993 1194 lo.
1015 1129 1137 1213 capite,
1189 1128 1367 1194 distinctio.
1391 1128 1468 1192 ideo
1491 1128 1557 1194 hoc
1580 1141 1793 1214 praeceptam
1815 1129 1967 1199 fanaticis
1980 1122 2171 1203 bdminibur

154 1219 212 1288 ubi
234 1229 268 1285 ct
288 1213 489 1283 universalis
502 1216 711 1280 comminatio
729 1234 859 1299 poenae
871 1210 1057 1298 corporalis
1080 1234 1147 1290 exs
1189 1215 1422 1299 opponendum
1446 1227 1510 1293 est,
1532 1217 1587 1302 qni
1612 1213 1811 1282 clamantia
1833 1215 2019 1307 Evangelio
2041 1223 2171 1307 praeci·

46 1352 49 1356 ,
154 1323 274 1392 pressa
294 1314 366 1381 est:
398 1302 515 1367 Omnis
542 1303 652 1367 anima
680 1321 769 1386 qaae
790 1297 908 1366 iecerit
928 1300 991 1366 has
1013 1300 1138 1366 abomi·
1187 1303 1222 1387 pi
1255 1299 1459 1366 Platonicam
1483 1302 1814 1368 communicationem
1836 1301 2051 1389 facultatum,
2084 1310 2172 1377 sicat

154 1394 322 1470 maanes,
344 1389 577 1455 eradicabitur.
1188 1407 1277 1451 nnnc
1300 1389 1539 1471 anabaptistae
1562 1389 1701 1467 docent,
1733 1400 1767 1455 et
1789 1409 1892 1477 saepe
1913 1395 2028 1481 magni
2048 1390 2170 1461 tumul·

1187 1484 1243 1539 tas
1265 1494 1308 1538 ex
1330 1472 1397 1538 hoc
1419 1472 1535 1538 delitio
1558 1474 1621 1538 orti
1638 1487 1725 1541 sunt.

241 1562 296 1627 Da
328 1563 448 1646 poenis
482 1561 627 1626 aeternis
662 1579 824 1643 expresse
846 1560 979 1638 dicitur,
1004 1560 1034 1623 1.
1058 1556 1137 1625 Cor.

154 1649 187 1715 6.
231 1648 304 1714 Nec
326 1656 549 1727 scortatores,
571 1666 637 1712 neo
657 1645 790 1712 moechi
809 1665 952 1733 ragnum
972 1645 1038 1711 Dei
1059 1665 1138 1729 pos·
1275 1643 1456 1711 Confirmat
1477 1655 1589 1711 autem
1605 1644 1701 1710 Dens
1728 1642 1970 1715 distinctionem
1998 1649 2170 1719 Dominio·

155 1735 324 1802 sidebant
1188 1752 1260 1795 rnm
1279 1752 1349 1797 non
1370 1729 1477 1797 solum
1498 1729 1603 1819 Lege,
1638 1733 1700 1797 sed
1724 1734 1821 1799 etiam
1842 1755 2026 1819 poenarum
2047 1758 2168 1805 execu·
2208 1744 2220 1749 ”

1138 1853 1141 1857 -
1187 1819 1290 1894 tione,
1313 1819 1390 1903 qaia
1413 1821 1521 1896 etiam,
1555 1822 1630 1884 cum
1652 1830 1764 1884 cessat
1785 1818 2023 1907 Magistratus,
2057 1836 2168 1893 tamea

242 1901 388 1997 Cognita
408 1901 503 1990 Lege
525 1915 559 1969 et
586 1925 769 1987 poenarum
792 1904 1057 1987 comminatione,
1080 1904 1137 1968 de·
1186 1902 1282 1968 Deus
1304 1901 1453 1989 regulam
1472 1916 1605 1969 serrat:
1638 1904 1711 1969 Vae
1734 1908 1790 1993 qui
1811 1904 1939 1987 spolias
1963 1920 2029 1975 etc.
2073 1909 2168 1991 item,

155 1991 261 2057 linitio
284 1992 447 2056 castitatis
472 1993 702 2056 constituatur.
768 1987 915 2056 (institas
939 2001 992 2055 est
1018 1991 1136 2070 virtus,
1186 1987 1277 2054 illale
1299 2005 1411 2074 parta,
1445 1988 1532 2056 maie
1554 1988 1753 2058 dilabuntur.
1818 1992 1862 2058 Et
1883 2004 1998 2061 notum
2020 1996 2065 2063 sit
2085 1993 2169 2064 illud

155 2080 265 2146 vitans
287 2097 404 2144 omnes
428 2076 676 2144 commixtiones
698 2087 734 2142 et
754 2075 934 2142 eilasiones
957 2075 1093 2142 seminis
1115 2097 1137 2142 a
1187 2074 1415 2144 Pindaricum:

156 2165 233 2230 Deo
248 2162 444 2250 prohibitas.

566 2258 570 2267 ·
734 2322 738 2329 .
1341 2250 1402 2311 tat
1421 2251 1476 2328 μὲν
1496 2249 1619 2312 θνατῶν
1640 2256 1745 2334 φρένες
1766 2246 1912 2339 ὠκύτεραι
2026 2316 2033 2325 ,

243 2333 374 2400 Deinde
397 2335 641 2414 consideretur,
664 2331 1037 2421 quomodovelitDeus
1059 2353 1138 2398 oon·
1342 2331 1447 2418 κέρδος
1468 2336 1590 2413 αἰνῆσαι
1611 2334 1671 2423 πρὸ
1693 2334 1779 2412 δίκας
1802 2336 1917 2420 δόλιον,

156 2422 249 2507 lungl
269 2441 394 2487 morem
417 2432 451 2487 et
472 2420 660 2488 foeminam.
1146 2506 1151 2513 .
1181 2443 1184 2449 ·
1340 2428 1482 2507 τραχεῖαν
1502 2422 1655 2509 ἑρπόντων
1676 2422 1754 2511 πρὸς
1773 2423 1901 2511 &allidor
1922 2420 2019 2508 ὅμως.

239 2592 354 2659 Prima
385 2589 505 2680 regula
536 2593 571 2657 in
603 2591 766 2657 Paradiso
788 2592 910 2657 tradita
927 2602 999 2656 eet:
1031 2589 1138 2657 Erant
1272 2590 1365 2656 Haec
1388 2593 1539 2656 doctrina
1562 2603 1656 2678 grata
1679 2595 1723 2659 sit
1745 2597 1917 2678 omnibus,
1943 2608 1982 2663 nt
2003 2594 2167 2665 habentes

72 2698 75 2702 ’
153 2681 220 2747 dno
241 2680 276 2745 in
298 2700 434 2744 camiem
454 2700 565 2757 unam,
586 2679 620 2743 id
642 2689 705 2757 est,
728 2675 994 2762 inseparabiliter
1021 2677 1135 2744 iuncti.
1186 2680 1372 2763 propriam,
1399 2676 1477 2742 laeti
1510 2678 1714 2744 sclant‘lleo
1737 2678 1871 2766 placere
1890 2679 1982 2749 bunc
2004 2685 2167 2766 ordinem,

152 2766 248 2834 llaec
279 2766 443 2831 sententia
479 2777 513 2829 et
533 2766 771 2830 institutionem
794 2764 936 2849 coniugii
960 2775 993 2829 et
1024 2762 1137 2848 prohi-
1187 2773 1221 2827 et
1242 2784 1262 2826 a
1284 2762 1359 2828 Deo
1379 2762 1512 2829 defendi
1533 2777 1565 2828 et
1587 2767 1616 2829 ei
1639 2767 1765 2851 gratias
1787 2780 1901 2854 agant,
1929 2781 1963 2833 et
1984 2789 2101 2835 omnes
2123 2773 2166 2837 ab

87 2876 124 2927 ,·
154 2854 315 2919 bitionem
348 2873 509 2939 vagarum
539 2847 711 2916 libidinum
746 2850 903 2928 continet,
935 2860 969 2913 et
995 2868 1136 2932 prorsus
1187 2846 1296 2913 aliena
1329 2847 1485 2915 libentius
1517 2853 1719 2931 abstineant,
1754 2854 1886 2939 sintque
1914 2855 1948 2919 in
1981 2867 2167 2940 conspectu

155 2941 243 3005 idem
270 2940 368 3018 dicit,
401 2938 491 3024 quod
523 2949 753 3021 praeceptum:
785 2936 863 3002 Non
895 2935 1136 3001 moechaberis.
1185 2934 1281 3019 plura
1303 2937 1491 3000 testimonia
1513 2958 1555 3001 ex
1587 2938 1652 3003 boc
1675 2951 1855 3023 praecepto
1884 2937 2053 3027 Decologi
2076 2953 2166 3008 nata.
2287 2998 2294 3003 .

156 3024 351 3112 Cogitemus
379 3037 491 3091 autem
523 3042 668 3107 causam,
691 3042 796 3108 quare
819 3018 981 3106 expressi
998 3043 1084 3089 voce
1101 3022 1135 3087 in
1186 3022 1287 3087 Prov.
1310 3021 1342 3085 5.
1386 3022 1511 3088 i'oates
1534 3026 1578 3088 tui
1603 3026 1792 3091 ‹leriventnr
1813 3023 1917 3104 iores,
1946 3038 1980 3092 et
2002 3039 2038 3092 tu
2060 3028 2166 3094 domi·
2290 3072 2300 3085 ,

154 3110 319 3178 Paradiso
336 3110 523 3197 prohibitae
544 3111 612 3174 sint
633 3130 741 3195 vagae
761 3106 934 3189 libidines,
969 3131 1045 3176 cnm
1065 3130 1135 3174 non
1185 3127 1249 3173 nus
1273 3127 1387 3173 eorum
1399 3107 1540 3175 maneto.
1564 3108 1695 3176 Citatar
1703 3112 1887 3199 Augustini
1908 3113 2049 3181 dictum:
2070 3111 2166 3183 Tolle

153 3199 199 3264 sit
220 3218 382 3283 expresse
404 3198 543 3263 dictum:
574 3196 652 3261 Non
674 3196 820 3276 occidas,
853 3195 930 3280 quia
948 3193 1024 3262 luce
1040 3207 1135 3261 natu·
1185 3196 1257 3259 iura
1279 3193 1527 3279 imperatomm,
1551 3209 1584 3262 et
1606 3219 1704 3264 nemo
1730 3199 1831 3264 audet
1852 3200 1976 3280 dicere,
1999 3198 2083 3265 haec
2105 3199 2167 3267 vil·

152 3302 212 3352 rac
232 3284 342 3371 magis
368 3281 618 3370 intelligebatur
638 3282 705 3346 lr‘oc
726 3295 959 3366 praeceptum,
980 3282 1057 3347 Non
1079 3302 1137 3345 oc·
1185 3278 1219 3345 la
1241 3300 1318 3346 mea
1339 3295 1403 3360 cst,
1428 3282 1674 3372 Unusquisque,
1696 3287 1786 3370 quod
1807 3286 1979 3370 possidet,
2012 3288 2084 3353 iare
2104 3286 2166 3355 bu·

155 3371 258 3450 eides,
281 3392 380 3458 qnam
402 3368 553 3449 alterum,
575 3369 651 3433 Non
672 3367 916 3434 moechaberis.
959 3368 1005 3433 Ut
1026 3380 1135 3434 antem
1186 3387 1284 3431 mano
1306 3369 1465 3453 possidet.
2183 3402 2188 3407 -

154 3454 233 3523 olibi
267 3459 397 3537 dicitur,
424 3456 461 3520 ln
492 3456 656 3543 negativis
678 3456 866 3538 praeceptis
899 3454 1136 3539 comprehendi
1906 3514 1917 3518 ..

129 3526 478 3624 -aliirrnationes‚‘lta
499 3541 554 3608 hic
576 3543 731 3625 dicimus:
753 3562 828 3605 cum
838 3539 1037 3607 adulterium
1058 3562 1136 3626 pro·
1272 3537 1363 3606 llaec
1386 3541 1473 3607 dicta
1492 3542 1554 3605 etsi
1576 3542 1608 3605 in
1631 3543 1777 3625 speciem
1799 3552 2023 3624 excusantur,
2055 3554 2166 3612 amen

145 3627 297 3711 bibatur,
314 3628 412 3721 simul
428 3629 611 3716 legitimum
631 3627 821 3712 coniugium
843 3630 1023 3712 approbari
1049 3626 1135 3692 scia·
1186 3625 1216 3689 si
1248 3621 1359 3691 fontes
1394 3628 1665 3706 cortsirlerentur,
1699 3629 1878 3713 impropria
1905 3639 1940 3695 et
1973 3628 2167 3714 periculosa

152 3738 242 3797 mus,
261 3729 294 3784 et
315 3716 576 3804 complectamur
586 3717 777 3789 universam
794 3713 978 3780 doctrinam
990 3714 1032 3779 de
1054 3733 1135 3779 oon-
1186 3722 1281 3791 sunt,
1314 3723 1347 3777 et
1380 3715 1509 3798 quidem
1532 3711 1686 3778 annuitis
1709 3734 1775 3778 nan
1799 3725 1892 3780 recta
1923 3714 2164 3804 intelligantur.

153 3805 256 3890 ingio,
291 3806 456 3883 castitate,
489 3813 523 3869 et
554 3805 672 3888 poenis
705 3820 866 3886 vagarum
887 3796 1072 3880 libidinum,
1100 3809 1135 3865 at
1187 3797 1280 3862 Unus
1303 3799 1432 3883 aisque,
1456 3801 1545 3883 qaod
1568 3801 1652 3864 iuste
1719 3801 1836 3880 ssidet,
1860 3813 1951 3867 tenet
1971 3803 2166 3870 inradirino

153 3892 299 3958 sciamus
320 3893 430 3971 aiam,
453 3911 529 3977 cnm
539 3890 573 3953 in
584 3888 805 3954 conversione
825 3889 1035 3953 remittuntur
1054 3907 1134 3973 poe·
1184 3885 1276 3949 iuxta
1320 3906 1385 3949 ane
1406 3885 1547 3972 Legem:
1564 3886 1640 3950 Non
1679 3896 1786 3953 artam
1807 3887 1926 3955 facies.
1954 3886 1998 3955 a:
2019 3910 2095 3955 cnm
2117 3891 2165 3955 di·

153 3999 218 4044 nae
239 3989 406 4057 aeternae,
427 3989 538 4041 tamen
558 3980 687 4060 poenas
709 3971 905 4058 corporales
927 3975 960 4038 in
982 3972 1048 4039 bac
1063 3975 1135 4045 uita
1185 3981 1280 4035 cunt:
1303 3969 1403 4036 Aliud
1427 3986 1479 4037 est
1500 3972 1612 4036 induci
1635 3973 1667 4037 in
1689 3974 1957 4058 possessionem,
1990 3995 2052 4041 sea
2073 3976 2164 4041 initio

153 4066 250 4151 sequi
282 4065 538 4142 contaminatos,
562 4072 600 4127 ut
619 4063 653 4125 in
676 4059 818 4140 Davide,
838 4059 1001 4147 Mitigatio
1023 4071 1134 4125 tamen
1185 4059 1343 4144 distingui
1366 4059 1520 4135 dominia,
1541 4070 1578 4122 at
1600 4080 1674 4122 cara
1697 4059 1907 4128 deducantur
1933 4059 2096 4140 coloniae,
2117 4063 2166 4128 vi·

153 4150 193 4217 a:
215 4152 291 4230 bis,
322 4149 379 4236 qni
401 4158 640 4216 convertuntur
660 4149 704 4212 ad
725 4145 847 4224 Deum,
881 4147 972 4212 iuxta
993 4146 1133 4212 dictum:
1185 4157 1261 4209 otor
1282 4144 1428 4209 attribuit
1449 4164 1571 4229 agros,
1605 4144 1705 4210 Aliud
1728 4158 1781 4210 est
1801 4145 1894 4234 loqui
1918 4147 1959 4213 de
1981 4147 2173 4219 retinendis,

152 4235 230 4304 Non
251 4237 407 4303 accendit
427 4234 522 4300 Deus
544 4245 649 4299 totam
669 4233 754 4298 mam
775 4253 882 4299 suam.
915 4232 1008 4313 itan,
1024 4231 1063 4298 ln
1083 4232 1135 4298 ira
1184 4232 1236 4310 iis,
1255 4252 1340 4317 quae
1363 4231 1518 4295 attributa
1541 4244 1628 4295 snm.
1675 4231 1727 4296 Ad
1750 4233 1783 4296 id
1806 4253 1939 4382 puoqua
1959 4233 2163 4318 respondeo.

154 4333 213 4390 tua
232 4320 377 4388 Domine
398 4320 646 4388 misericordiae
667 4320 913 4385 recordaberis.
1183 4316 1257 4381 Nec
1288 4318 1394 4400 prima
1427 4320 1521 4403 origo
1551 4319 1772 4383 dtamcttoms
1829 4320 2025 4384 ominiorum
2047 4329 2099 4384 est
2120 4321 2164 4385 ab

1183 4402 1360 4468 antomtata
1381 4402 1536 4483 hnmana,
1559 4405 1618 4470 sed
1642 4427 1662 4470 a
1684 4404 1771 4483 Deo,
1792 4405 1984 4470 baereditas
2006 4405 2065 4472 tibi
2087 4401 2165 4471 reli·

1186 4500 1240 4554 cta
1261 4509 1284 4554 a
1304 4492 1499 4575 parentibus
1532 4501 1585 4555 ast
1616 4503 1674 4560 tna
1704 4491 1776 4556 iure
1809 4491 1921 4558 divino
1949 4500 1984 4556 et
2005 4491 2163 4572 humano,

1184 4575 1340 4656 emtione,
1362 4577 1553 4656 mutatione,
1576 4578 1766 4657 donatione,
1787 4572 2034 4643 transferuntur
2061 4579 2165 4644 domi·

359 4648 423 4716 DE
444 4645 635 4718 ΒΕΡΤΙΜΟ
653 4643 929 4748 PRAEQEPTO·
1006 4698 1009 4703 «
1185 4662 1241 4727 nia
1256 4663 1330 4728 iura
1352 4664 1463 4730 divino
1486 4675 1519 4730 et
1537 4661 1690 4728 naturali.

421 4794 517 4882 Non
546 4792 699 4878 furlum
728 4789 862 4941 secieto·
1270 4830 1373 4899 Tales
1405 4832 1641 4901 translationes
1672 4854 1739 4900 non
1766 4834 1917 4902 oriuntur
1936 4834 1980 4903 ab
2006 4786 2164 4921 imperils.

1184 4916 1404 5007 Magistratus
1427 4922 1469 4985 sit
1490 4932 1607 4986 custos
1628 4917 1718 4986 illins
1739 4921 1883 4987 ordinis:
1905 4921 1963 4988 Sic
1988 4941 2053 4988 nec
2073 4922 2166 4988 attri-

240 5010 336 5078 Dens
357 5009 430 5081 vult
450 5010 592 5100 intelligi
612 5010 775 5079 iustitiam
785 5004 1022 5095 aequalitatem
1043 5024 1135 5087 esse,
1185 5008 1256 5073 buit
1277 5008 1337 5074 tibi
1357 5007 1615 5101 haereditatem,
1645 5008 1708 5072 scd
1735 5010 1781 5075 eit
1801 5018 1918 5075 custos
1946 5018 1982 5075 et
2003 5017 2166 5075 exeemor

154 5109 193 5215 ui
212 5099 360 5167 sonum
380 5102 489 5187 iprum
509 5098 686 5188 aqualem
703 5116 802 5176 esse,
827 5106 863 5162 et
882 5114 953 5165 uon
972 5115 1136 5183 meane·
1185 5090 1327 5183 Legum.

543 5424 554 5457 l
