4628 5588
161 1468 311 1690 uu
371 1534 881 1689 uoouusul
936 1476 1071 1687 ur
1115 1494 1801 1688 auroulrsuu
1848 1535 2187 1745 vuum
2300 1590 2306 1601 ·

1066 1775 1274 1928 nur.
1995 1816 2105 1875 ··

815 2053 852 2118 ln
874 2053 1028 2120 Editione
1044 2051 1307 2141 Wittehergensi
1328 2053 1406 2120 anni
1431 2051 1526 2120 lesu.

132 2436 137 2443 '
250 2434 360 2518 Saepe
381 2432 544 2517 disputari
565 2427 665 2509 solet,
691 2441 848 2516 quantum
872 2431 1080 2497 tribuendum
1101 2431 1146 2496 sit
1196 2439 1277 2516 gant
1297 2424 1404 2516 prima
1424 2430 1615 2497 testimonla
1640 2431 1684 2497 ab
1706 2428 1880 2516 Apostolis
1902 2443 1937 2499 et
1959 2433 2060 2499 certis
2084 2444 2184 2503 auto

163 2516 339 2586 Ecclesiae
361 2521 549 2598 sententiis,
581 2520 725 2585 decretis
746 2516 968 2604 Synodorum,
1001 2530 1035 2583 et
1058 2517 1146 2584 Scri·
1196 2519 1289 2584 ribus
1312 2529 1460 2605 accepta.

163 2617 297 2692 ptorum
329 2607 438 2673 dictis.
496 2603 578 2670 ¹Etsi
607 2605 693 2670 euim
725 2602 875 2690 regulam
909 2618 1078 2686 tenemus,
1109 2615 1147 2670 ut

163 2695 302 2760 verbum
324 2692 389 2758 Dei
411 2689 661 2777 amplectamur,
690 2702 800 2756 tamen
823 2711 898 2756 cum
919 2693 1093 2757 videantur
1112 2693 1146 2756 in
1240 2726 1242 2733 ,
1284 2687 1510 2756 Tertullianus
1533 2700 1651 2756 contra
1671 2689 1836 2755 Praxeam
1858 2689 1979 2776 inquit,
2011 2688 2100 2758 hanc
2127 2711 2183 2759 re·

162 2776 371 2862 Apostolicis
392 2780 528 2865 scriptis
551 2796 730 2844 occurrere
750 2775 817 2843 loci
839 2779 1002 2863 ambigui,
1034 2779 1147 2863 dispu·
1242 2776 1309 2843 lam
1341 2779 1518 2843 tenendam
1551 2797 1629 2842 esse
1656 2777 1820 2842 adversus
1859 2798 1974 2842 omnes
2006 2776 2183 2862 haereses,
2246 2804 2250 2809 ·

163 2876 234 2930 tarn
255 2863 359 2950 aliqui
379 2867 490 2951 potius
513 2886 591 2929 csse
613 2866 796 2930 sententias
807 2861 982 2930 Ecclesiae
1004 2885 1147 2952 sequen·
1229 2877 1340 2930 ectum
1360 2884 1450 2943 esse,
1473 2865 1694 2950 quodcunque
1711 2866 1851 2949 primum
1868 2875 1941 2945 est,
1960 2862 2183 2969 adulterinum

134 2953 237 3032 das,
259 2973 360 3037 quum
381 2953 507 3036 scripta
527 2947 808 3037 Apostolorum..
1197 2971 1293 3030 vero,
1316 2951 1537 3037 quodcunque
1558 2952 1737 3033 posterius.
1773 2949 1816 3014 Et
1860 2951 1970 3017 uidem
1991 2964 2091 3019 vocat
2112 2974 2182 3038 prt-

1197 3059 1299 3116 mum,
1334 3037 1424 3123 quod
1445 3035 1602 3120 Apostoli
1632 3047 1726 3103 certo
1749 2971 1975 3121 tradiderunt,
2008 3039 2059 3105 sie
2091 3041 2183 3109 enlm

249 3119 382 3187 Deinde
413 3121 578 3208 affingunt
608 3123 819 3188 autoritatem
846 3121 1022 3188 Ecclesiae
1056 3132 1145 3187 ante-
1197 3124 1270 3210 lpse
1292 3143 1372 3190 sese
1389 3124 1634 3210 iuterpretatur.

162 3205 333 3275 ierendum
344 3229 423 3274 esse
433 3210 539 3274 verbo
551 3207 627 3287 Dei,
649 3229 691 3273 ac
699 3229 804 3294 posse
814 3207 1002 3275 Ecclesiam
1018 3221 1147 3274 mutare

162 3293 283 3360 tradita
303 3296 336 3359 iu
358 3295 462 3360 verbo
475 3294 550 3362 Dei.
563 3292 675 3361 Citaut
696 3295 739 3360 ad
761 3294 823 3360 has
835 3297 1009 3382 opiniones
1023 3296 1146 3361 dietum
1283 3295 1441 3363 irenaeus
1475 3306 1592 3362 contra
1612 3292 1782 3361 Florinum
1814 3292 1940 3382 allegat
1971 3296 2183 3364 autoritatem

164 3379 359 3468 Augustini:
393 3379 577 3469 Evangelio
600 3403 667 3447 nou
698 3384 885 3462 crederem,
920 3382 986 3447 nisi
1008 3404 1061 3447 me
1083 3381 1147 3446 Ec·
1198 3383 1418 3466 superiorum,
1451 3403 1492 3448 ac
1524 3384 1714 3449 nominatim
1747 3380 1950 3469 Polycarpi,
1984 3382 2038 3470 qui
2071 3380 2183 3450 iuerat

164 3465 296 3534 clasiae·
320 3466 517 3534 Catholicae
550 3480 778 3535 commoveret
807 3469 982 3534 autoritas.
1031 3468 1147 3554 ltaque
1198 3469 1329 3535 auditor
1362 3468 1518 3549 lohaums
1539 3466 1708 3555 Apostoli.
1752 3469 1859 3555 lnquit
1888 3470 1974 3535 enim
2007 3481 2182 3536 execratu-

161 3551 251 3619 iaiso
273 3563 446 3639 praetextu
471 3555 612 3620 nominis
630 3552 806 3621 Ecclesiae
827 3554 1008 3624 Pontifices
1031 3557 1146 3621 decer·
1198 3576 1271 3621 rum
1292 3554 1399 3621 luisse
1421 3557 1575 3643 dogmata
1598 3552 1736 3634 Florini,
1759 3557 1789 3621 sl
1811 3576 1853 3621 ea
1874 3556 2046 3637 audiisset,
2075 3568 2111 3622 et
2131 3557 2182 3623 vl·

161 3650 245 3706 'urunt
266 3651 300 3704 et
321 3641 433 3725 praeci
457 3642 528 3706 iunt
549 3639 654 3706 multa
681 3661 743 3727 pro
771 3638 908 3707 libidine
931 3651 1049 3706 contra
1071 3662 1145 3707 ver·
1196 3651 1339 3706 tatarum
1360 3638 1484 3720 locum,
1517 3643 1551 3707 in
1578 3662 1645 3728 quo
1667 3638 1727 3708 illa
1750 3642 1839 3708 dicta
1860 3653 1988 3724 meent,
2019 3654 2181 3731 tanquam

160 3727 239 3792 bum
257 3724 334 3804 Dei,
359 3746 422 3791 con
448 3739 555 3793 rmaut
573 3739 606 3793 et
623 3723 794 3793 stabiliunt
811 3727 944 3814 impiam
961 3728 1146 3793 doctrinam
1196 3724 1370 3814 pollutum.

161 3821 194 3877 et
214 3812 333 3896 impios
357 3809 488 3893 cultus,
519 3833 562 3878 ac
580 3810 742 3898 plurimos
765 3813 862 3879 etiam
885 3833 974 3878 nuno
1003 3814 1145 3880 deterret
1968 3899 1969 3903 Ἰ

161 3919 183 3962 a
203 3918 285 3964 vera
308 3899 460 3964 doctrina
477 3896 663 3987 Enngelii,
687 3906 785 3986 quarn
806 3898 1012 3984 profitemur,
1036 3896 1144 3966 solum
1284 3897 1431 3965 Basilius
1450 3896 1575 3985 allegat
1589 3900 1752 3966 nutricem
1775 3920 1883 3979 suam,
1905 3899 2000 3967 cuius
2020 3900 2182 3986 pietatem

34 3991 57 4045 ,’
160 4005 282 4050 nomen
303 3982 487 4050 Ecclesiae.
531 3986 610 4051 ideo
632 4005 776 4051 necesse
807 3998 861 4051 est
893 3987 937 4051 de
969 3987 1145 4052 autoritate
1196 3987 1242 4051 ait
1264 3996 1345 4050 tunc
1366 3987 1536 4073 inprimis
1562 3983 1669 4068 fuisse
1702 3983 1880 4067 laudatam,
1914 3997 1948 4052 et
1980 3987 2073 4052 addit
2104 4006 2182 4053 earn

161 4068 336 4137 Ecclesiae
356 4073 644 4139 recteadmoueri
667 4068 827 4140 homiues.
1195 4073 1370 4159 accepisse
1393 4073 1576 4139 doctrinam
1597 4092 1617 4138 a
1635 4071 1800 4160 Gregorio
1811 4073 2101 4154 Neocaesarlensl,
2145 4073 2183 4142 nl

102 4179 104 4182 ·
327 4210 331 4215 .
825 4174 829 4181 '
1194 4156 1253 4225 illo
1275 4171 1425 4245 ternpore
1448 4159 1631 4226 eruditione
1647 4170 1680 4223 et
1694 4156 1863 4225 miraculis
1886 4157 2016 4240 claruit,
2036 4172 2071 4225 et
2167 4194 2182 4213 ·

96 4301 97 4304 ,
246 4241 379 4309 Rursus
412 4244 510 4310 etlam
543 4244 706 4331 quaedam
744 4241 968 4330 petulantiora
999 4244 1145 4350 ingenia,
1194 4247 1277 4312 tavit
1287 4246 1554 4326 samosatenum,
1577 4266 1619 4310 ac
1629 4242 1758 4332 reliquit
1770 4246 1907 4314 brevem
1930 4244 2182 4314 confessionem

161 4350 236 4395 curn
258 4327 389 4416 lingunt
409 4352 454 4396 ex
476 4331 573 4398 dictis
599 4330 784 4416 scripturae
804 4324 893 4396 male
922 4332 1063 4397 detortis
1085 4351 1146 4397 uo·
1195 4330 1284 4413 iidei,
1341 4352 1404 4396 uae
1438 4334 1583 4398 continet
1610 4329 1740 4398 illustre
1767 4334 1987 4400 testimonium
2009 4334 2051 4398 de
2073 4330 2182 4400 Triul-

45 4490 50 4507 .
161 4432 224 4480 vas
240 4417 433 4565 ppirpiopeS,
456 4436 598 4569 prorsus
621 4436 660 4482 as
705 4428 1145 4569 rupnturconsppsupnive·
1195 4430 1277 4571 ιαὶὲιιἱ
1351 4430 1425 4484 atat
1456 4431 1568 4485 autem
1599 4420 1633 4483 in
1665 4417 1753 4487 libro
1774 4420 1805 4487 7.
1835 4418 2103 4520 Ecclesiasticus
2128 4419 2182 4488 hl·

160 4520 220 4565 rae
271 4522 460 4569 creatae-e
506 4523 623 4570 ornnes
697 4524 740 4570 uo
765 4522 806 4569 os
838 4522 912 4569 sure
979 4523 1145 4585 sermne,
1194 4525 1213 4570 s
1250 4525 1356 4579 rrae„
1902 4531 1905 4538 ·

161 4595 198 4650 ιιι
232 4607 307 4653 οιιιιι
339 4589 503 4656 Serretes
536 4524 779 4656 rixaturycum
812 4587 969 4656 Ecclesia
1000 4591 1146 4657 omnium
1328 4598 1334 4617 “
1709 4622 1712 4628 ·

161 4682 358 4757 temporum,
390 4689 425 4742 et
458 4678 620 4762 depravat
646 4677 736 4744 dicta
763 4675 805 4742 de
833 4674 960 4757 Verbo,
988 4674 1145 4745 Iohannis
1283 4676 1450 4763 Origenes
1473 4675 1599 4766 allegat
1610 4675 1798 4765 Apostolos
1814 4677 1858 4744 de
1878 4676 2051 4764 Baptlsmo
2072 4674 2183 4745 mru-

127 4760 286 4845 ,p‘rimc,
314 4773 348 4824 et
369 4765 498 4847 quaerit
520 4762 787 4843 concinniorem,
807 4774 845 4829 ιιι
864 4765 939 4850 ipse
959 4774 1065 4848 putat,
1097 4764 1146 4831 in·
1195 4774 1276 4830 tum.
1320 4764 1380 4829 Ait
1402 4765 1545 4833 enimin
1568 4765 1697 4854 capii.
1721 4762 1971 4846 adEomanos,
2002 4762 2181 4832 Ecclesiae
2267 4792 2287 4849 ·,

160 4846 441 4931 terpretationem.
485 4847 531 4915 Ut
559 4851 660 4937 igitur
682 4845 761 4915 tells
782 4846 966 4937 petulantia
989 4856 1145 4918 coercea-
1195 4850 1373 4937 accepisse
1393 4852 1603 4921 traditionem
1625 4854 1668 4917 ab
1689 4847 1877 4936 apostolis,
1909 4863 1947 4918 ιιι
1967 4851 2182 4938 baptizentur

160 4944 231 5012 tur,
261 4931 375 5019 aliquo
402 4936 503 5002 modo
535 4936 657 5023 septis,
689 4946 726 5002 ιιι
752 4934 800 5002 ita
826 4937 952 5020 ulmo,
978 4958 1063 5025 opus
1091 4946 1171 5016 estj
1194 4934 1353 5004 inientes.
1406 4937 1449 5004 ili
1471 4950 1563 5004 recte
1584 4935 1745 5028 allegant,
1767 4937 1978 5004 autoritatem
1988 4935 2178 5007 Ecclesiae.

160 5017 349 5101 Ecclesiae,
370 5022 459 5089 sicut
479 5032 616 5089 ueteres
636 5020 766 5114 Synodl
787 5034 822 5091 et
842 5022 1035 5111 Scriptores
1063 5020 1145 5091 alle·
1165 5038 1172 5101 ι
1195 5019 1309 5098 Quare
1336 5025 1452 5093 ordine
1479 5025 1610 5108 dicam,
1641 5026 1722 5114 quid
1747 5024 1793 5092 ait
1824 5021 1993 5108 Ecclesia,
2024 5034 2060 5093 et
2090 5042 2181 5114 quae

1579 5238 1589 5276 i

276 5446 365 5466 *
