4628 5588
149 158 215 229 ιιι
331 123 358 143 “
710 180 714 188 -
786 151 898 221 nnn.
922 151 1027 219 ιιιι.
1050 149 1239 219 acorem
1260 148 1541 219 nonnanes,
2106 154 2177 223 m

153 355 241 419 Ituci
259 351 402 418 ilesnca
422 353 580 433 scriptum
600 349 643 414 de
664 350 837 429 rdtaionc:
853 351 1045 430 pehscnmt,
1067 365 1109 410 ne
1131 351 1165 410 ln
1184 344 1332 428 ipsomm
1353 345 1646 428 mltepiisattauam
1665 350 1774 429 faeiat
1784 311 2002 430 mononem,
2023 367 2062 413 se
2083 352 2175 432 psas

73 453 81 467 ’
154 446 361 505 correcturos
382 455 455 502 esse
476 441 554 501 uitia
575 452 709 500 asarum
730 436 957 500 mensarum
989 430 1105 492 lhidem
1123 454 1153 515 p.
1178 434 1250 493 tia.
1264 434 1294 511 ⁴)
1338 435 1426 498 trusi
1444 431 1505 498 tihi
1523 435 1661 498 lihehum
1684 435 1726 498 de
1747 435 1893 499 mmsis
1911 436 2004 516 mim
2025 439 2061 500 ln
2081 437 2192 502 cuhss'

150 528 221 608 fine
241 527 410 590 melania
431 524 590 600 moerere
611 541 726 586 nonam
746 523 954 603 sophisticam
971 520 1060 584 titius
1081 524 1188 584 nmtri
1207 527 1243 584 et
1256 523 1421 602 dindima,
1439 526 1496 601 aui
1514 539 1600 584 nanc
1617 539 1698 584 nono
1718 522 1857 600 arithmo
1873 528 2018 603 pinpsnt
2042 523 2173 606 ohaam

152 621 191 678 stt
210 612 376 678 retinendi
401 611 578 675 rideantur.
648 611 755 673 Talem
782 608 874 672 noht's
901 609 1018 671 lthrrtm
1039 611 1130 671 misit
1148 625 1254 689 nuper
1274 610 1337 685 tile,
1360 612 1394 671 tu
1411 626 1472 688 orso
1494 616 1531 671 ut
1545 615 1634 672 esset
1651 609 1791 687 calearia
1812 606 1992 689 πρόςωπον,
2015 612 2175 689 araeden

153 717 196 764 ee
217 703 340 765 matris
356 699 569 780 decerpserat
585 698 656 781 usal
677 704 816 767 aiassae.
847 696 963 758 Postea
984 697 1200 758 insulsissime
1216 702 1351 758 ercusat
1369 702 1403 758 et
1420 695 1571 775 defendit
1589 697 1706 759 nmtms
1726 701 1988 776 superstitiones,
2004 702 2102 760 etiam
2123 698 2175 761 dt·

154 804 267 851 mm
288 789 526 850 invocationem,
569 778 653 844 ldern
671 779 797 842 Brentio
819 780 936 842 nuntiat
962 778 1011 841 his
1034 780 1151 841 verbis:
1173 782 1328 844 Libellum
1345 782 1386 845 de
1401 781 1547 846 Ecclesia
1565 788 1703 863 propter
1719 783 1875 862 qrmsdam
1896 783 1994 864 edidi,
2019 788 2078 863 qui
2092 801 2176 866 pro·

150 873 321 955 panciani
339 866 500 950 διαλλαγὰς
520 871 582 935 hae
599 875 660 949 cia,
677 877 716 934 ut
728 872 958 951 pollicemmur
968 886 1028 932 nos
1039 869 1354 932 Patrumsententits
1364 886 1515 933 cessuros
1527 887 1608 934 esse.
1629 868 1710 948 hipp.
1730 865 1818 929 Tomi
1840 865 1939 950 hugi.
1951 866 1988 931 B.
2000 889 2031 951 p.
2043 869 2174 950 ³88.”)

359 1055 440 1120 Cum
463 1078 502 1119 eo
524 1065 662 1139 tempore
679 1055 788 1119 Patres
811 1057 935 1117 maioris
954 1056 1017 1117 lere
1040 1056 1228 1117 auctoritatis
1252 1062 1360 1117 essem
1381 1075 1471 1136 quarn
1495 1057 1553 1137 ipsi
1579 1055 1648 1116 lihri
1678 1058 1774 1130 sacri,
1798 1064 1829 1119 et
1850 1057 1892 1118 (le
1913 1078 2018 1120 eornm
2036 1058 2096 1120 llile
2119 1059 2175 1120 ‹lu-

153 1147 251 1209 bitare
273 1145 381 1227 ingens
405 1147 517 1207 crimen
541 1143 718 1217 haberetur,
747 1142 905 1205 Pontificio
924 1141 1054 1204 Romani
1076 1142 1234 1213 masclae,
1269 1145 1321 1224 qui
1344 1142 1489 1224 pleraque
1511 1163 1570 1204 sua
1587 1143 1729 1222 dogmata
1752 1163 1790 1205 ex
1813 1145 1920 1206 codice
1940 1165 2030 1207 sacro
2048 1146 2176 1207 demon·

153 1240 250 1296 strare
272 1230 353 1315 hauri
371 1231 523 1302 valebant,
558 1239 590 1294 et
611 1233 727 1292 amissa
748 1231 926 1292 auctoritate
948 1227 1071 1291 Patruus
1089 1228 1271 1310 permultum
1294 1230 1389 1293 amitti
1411 1224 1506 1310 probe
1531 1230 1775 1311 perspiciebant,
1804 1233 1970 1312 aegerrimo
1993 1234 2093 1294 animo
2112 1231 2176 1295 hoc

154 1321 301 1400 seriptum
334 1317 583 1380 Melanchtlronia
617 1317 738 1390 tulisse,
768 1338 827 1378 non
851 1317 1023 1379 mirandum
1052 1322 1111 1379 est.
1167 1314 1274 1377 Placet
1295 1317 1397 1397 ipsum
1416 1314 1621 1378 Camerarium
1648 1319 1678 1378 in
1701 1319 1762 1379 vita
1780 1316 1969 1382 Melanchth.
1991 1339 2021 1401 p.
2044 1339 2083 1380 ιιι.
2108 1321 2173 1382 237

152 1428 200 1488 sq.
214 1408 288 1486 Μ)
312 1405 351 1465 de
369 1405 428 1467 hoc
449 1404 556 1467 lihcllo
575 1407 623 1466 sic
644 1410 896 1466 commentantem
914 1404 1035 1466 audire:
1069 1405 1183 1469 Edidit
1207 1407 1347 1469 libellum
1380 1406 1416 1468 P.
1450 1408 1491 1469 ii.
1524 1423 1585 1487 pito
1614 1424 1698 1470 sune
1718 1407 1808 1469 hmtd
1825 1407 1893 1471 scio
1915 1426 1960 1471 an
1978 1410 2062 1471 udus
2083 1414 2180 1472 celet

149 1495 240 1586 'athas
262 1498 365 1575 priris
386 1501 453 1557 tam
474 1496 620 1575 sinpiice
635 1495 784 1558 libertate
804 1496 961 1559 motionis
977 1494 1178 1573 compostus.
1221 1493 1260 1555 ln
1282 1509 1320 1556 co
1341 1491 1383 1554 de
1404 1491 1568 1555 Ecclesiae
1584 1493 1770 1574 disputatur
1790 1497 1979 1574 mussitate,
2012 1502 2047 1558 et
2070 1496 2175 1574 lihris,

153 1599 233 1664 arms
253 1584 464 1661 scripsissent
484 1581 634 1646 doctores
656 1584 690 1644 in
711 1581 866 1657 Ecclesia,
888 1584 983 1660 quad
1001 1584 1171 1643 censoriae
1188 1585 1284 1643 notae
1305 1584 1428 1659 opponi
1448 1579 1606 1645 ridentur.
1649 1577 1692 1642 1a
1708 1581 1793 1660 quod
1811 1581 1852 1644 ah
1869 1583 1944 1645 attis
1963 1583 2062 1645 aliter
2082 1600 2176 1645 acce·

148 1675 243 1751 ptum
265 1685 338 1730 esse
354 1673 430 1732 scio
472 1668 583 1747 Neam
604 1685 662 1746 epo
682 1684 769 1730 nunc
784 1666 826 1730 dc
841 1669 884 1730 its
905 1665 1019 1745 dham,
1041 1670 1105 1746 aui,
1128 1669 1251 1746 pmties
1272 1670 1380 1731 nrinus
1399 1668 1573 1731 chmemer
1593 1671 1795 1744 uttinpuntur
1816 1685 1927 1731 eorum
1948 1670 2069 1747 ulcera,
2089 1672 2175 1731 roct-

150 1757 430 1836 seranturataue
451 1756 595 1819 clamant
612 1753 832 1833 immoderate,
854 1770 926 1815 cum
947 1752 1076 1832 quidem
1108 1753 1289 1816 medicinae
1309 1757 1428 1818 leniori
1455 1756 1520 1833 hesi
1538 1756 1642 1839 mcum
1663 1759 1728 1816 mm
1749 1772 1814 1816 son
1831 1773 1905 1818 esse
1927 1756 2118 1833 inteilipant,
2140 1759 2179 1818 et

153 1841 289 1906 secandi
308 1841 487 1920 urendique
507 1847 615 1904 tamen
632 1843 796 1923 crustatim
828 1841 1052 1920 reformident.
1118 1840 1186 1903 Hos
1206 1843 1306 1917 tpitur
1327 1839 1443 1903 imitus
1470 1840 1737 1921 inpretatianrha
1765 1847 1800 1903 et
1818 1843 1882 1904 isio
1902 1841 2008 1904 h'hello
2029 1844 2175 1920 offensos

150 1931 260 2010 fuisse
280 1927 465 1995 mhandum
486 1945 552 1992 non
572 1933 629 1992 est.
682 1927 792 1990 Verum
813 1942 871 2003 epo
889 1943 932 1988 ea
953 1929 1028 1990 aliis
1049 1943 1177 2006 pompm,
1200 1931 1234 1988 in
1256 1927 1369 2006 quihus
1390 1933 1502 1990 essent
1520 1944 1624 2006 nepte
1641 1947 1663 1988 a
1685 1945 1805 1990 caussa
1826 1929 1934 2009 alans,
1952 1934 1986 2009 et
2006 1928 2175 2006 erpaPhi·

153 2019 274 2096 lippum
296 2015 571 2078 Melanchthhnem
597 2015 710 2093 affecti
738 2013 828 2076 houd
847 2016 940 2093 mate,
957 2013 1073 2092 audiri,
1095 2029 1167 2076 cum
1184 2013 1225 2074 de
1246 2031 1284 2077 eo
1304 2013 1409 2077 lihelto
1430 2017 1478 2077 sic
1498 2015 1718 2093 loquerentur,
1751 2020 1788 2076 ut
1814 2016 1903 2077 dhorn
1924 2021 2037 2095 aperte
2057 2031 2173 2095 repre·

154 2102 341 2180 henderent,
363 2107 515 2182 manuam
537 2100 694 2163 audacius
712 2102 889 2181 facientem
911 2101 1063 2162 iudmium
1084 2107 1118 2162 et
1136 2103 1233 2162 nimis
1252 2100 1391 2178 fidenter
1415 2104 1678 2181 pronrtntiantem
1699 2101 1741 2163 de
1762 2105 1804 2163 iis
1824 2101 1930 2179 roheis,
1958 2118 2095 2180 astarum
2116 2101 2174 2163 ho·

153 2192 253 2252 minis
266 2191 391 2269 priuati
411 2195 445 2251 et
464 2193 570 2266 unius,
591 2189 736 2266 mannis
756 2185 915 2266 sapientis
937 2193 972 2249 et
989 2185 1083 2266 doctr]
1105 2185 1244 2264 conuitio
1265 2205 1329 2250 non
1351 2194 1444 2251 esset.
1487 2187 1533 2250 Ac
1553 2186 1687 2249 marini
1705 2187 1746 2250 ah
1768 2205 1832 2250 uno
1847 2205 1934 2267 prae
1954 2187 2094 2250 matera
2115 2204 2174 2250 no·

153 2281 266 2353 tutum
289 2281 441 2352 tanquan
460 2273 692 2354 propemodum
713 2279 835 2336 minere
856 2271 905 2335 ihi
913 2272 1074 2352 positum:
1095 2273 1265 2353 „Veterum
1288 2273 1441 2352 wedam
1464 2275 1573 2354 aliqua
1590 2273 1697 2337 minus
1719 2272 1843 2337 diserte
1859 2272 2066 2354 caponusse,
2098 2291 2175 2341 cum

153 2359 318 2425 sentirent
337 2359 560 2439 commodius,‘·
585 2357 680 2439 quasi
706 2357 757 2422 illi
775 2365 1008 2422 commorentur
1025 2366 1062 2422 ut
1080 2358 1225 2438 infantes
1246 2366 1341 2438 atque
1361 2358 1490 2423 indocti.
1565 2360 1674 2423 Verum
1697 2377 1858 2425 ensrnocro
1879 2378 1981 2440 neque
2002 2358 2175 2440 Phiiippus

154 2446 380 2512 Mehrnchthon
400 2446 507 2525 mapis
528 2448 722 2509 sententiam
740 2447 837 2526 serre
853 2445 1132 2526 pronuntiarcaue
1153 2445 1211 2509 iiia
1221 2452 1374 2526 mnquam
1395 2444 1497 2509 iudea
1507 2444 1642 2523 uideam,
1661 2446 1928 2525 quorn'indicare
1944 2453 2056 2526 potius
2077 2446 2177 2526 prasi

154 2533 294 2597 monitor
314 2540 348 2596 ei
367 2533 520 2610 hortator,
543 2538 581 2595 ut
598 2530 634 2594 in
655 2531 794 2595 omnium
815 2530 909 2594 libris
929 2532 1083 2610 tenendis,
1106 2533 1392 2612 auorurnhumana
1414 2533 1574 2595 autoritas
1595 2539 1652 2607 cst,
1673 2533 1861 2596 meminerit
1879 2532 1997 2613 atipa‘s
2017 2532 2082 2596 sihi
2101 2551 2174 2596 oer-

153 2619 293 2684 sandaon
314 2618 546 2700 circumspecte
567 2626 602 2683 et
619 2624 747 2683 anema
806 2618 897 2694 Quod
916 2618 963 2681 ad
982 2618 1190 2683 elomstionem
1213 2636 1289 2681 cero
1309 2620 1431 2698 attinet,
1452 2617 1573 2683 idiote
1594 2618 1719 2682 scilicet
1738 2627 1796 2700 est,
1817 2626 1863 2688 ut
1880 2618 1913 2684 si
1931 2620 2074 2683 studium
2090 2619 2175 2683 hene

149 2712 196 2855 {tl
215 2703 351 2787 proprie
378 2702 534 2786 loquendi
559 2712 719 2787 perpetuo
742 2711 894 2786 tanquam
924 2713 1038 2770 castae
1054 2705 1190 2786 cirpinr's
1208 2705 1370 2787 pudicitia
1395 2705 1628 2785 custodiretur,
1665 2705 1750 2770 nihii
1767 2724 1850 2788 opus
1871 2713 1961 2771 esset
1985 2705 2177 2770 istiusmodi

360 2978 518 3060 Insipirlus
541 2978 593 3040 ille
616 2975 938 3052 cocflnaEUS,
962 2981 1050 3041 euius
1073 2981 1187 3061 scripta
1208 2977 1426 3041 Melanchthon
1443 2978 1612 3065 βατράχους
1624 2988 1870 3065 γυρίνουςνοαιι,
1892 2982 2093 3061 primuserat,
2118 2983 2173 3061 qui

154 3065 235 3128 hunc
269 3067 423 3147 egregium
442 3066 497 3166 'de
524 3063 688 3127 Ecclesiae
721 3067 879 3129 autoritate
903 3065 1041 3127 libellum
1070 3067 1225 3128 confutare
1248 3085 1345 3126 ausus
1372 3075 1422 3127 est
1448 3067 1476 3126 in
1500 3069 1681 3150 Philippica
1698 3070 1808 3149 quinta
1829 3070 1864 3133 in
1881 3079 1951 3134 tres
1967 3068 2091 3133 thetim
2112 3070 2173 3136 Ph.

152 3152 407 3219 Melanchlaenas
424 3171 530 3234 nuper
550 3154 683 3218 aedr'los.
711 3157 802 3215 1540.
826 3155 855 3213 in
880 3158 950 3234 4.†)
995 3151 1057 3225 tius
1088 3155 1146 3214 etsi
1170 3154 1199 3214 in
1222 3152 1281 3212 hoc
1300 3152 1375 3212 libro
1395 3154 1436 3215 ait
1453 3151 1718 3214 Melanchthonem
1743 3163 1853 3216 tantam
1876 3154 2022 3235 adeptum
2041 3174 2116 3214 esse
2140 3161 2174 3217 et

23 3298 27 3305 ,
154 3240 280 3320 gratiam
304 3245 335 3298 et
357 3238 546 3300 autoritatem
568 3239 649 3319 apud
666 3237 905 3300 Lutheranorura
928 3240 1086 3321 primores,
1111 3247 1144 3302 ut
1165 3239 1299 3320 publicis
1318 3260 1421 3300 eorum
1439 3240 1577 3301 conciliis
1601 3239 1763 3321 Phiiippus
1786 3242 1892 3323 potius
1915 3260 2003 3321 quarn
2026 3242 2096 3321 ipse
2110 3241 2173 3300 Lu-

153 3325 261 3387 tlrerus
283 3323 473 3397 adhibeatur,
496 3331 560 3386 turn
582 3327 665 3405 quod
689 3326 788 3387 minus
807 3325 922 3387 luriose
943 3326 1086 3406 loquitur,
1110 3334 1142 3388 et
1159 3327 1275 3398 scribit,
1294 3333 1356 3387 turn
1376 3327 1456 3406 quod
1477 3329 1574 3407 magis
1596 3335 1712 3388 ornatur
1733 3349 1752 3388 a
1770 3328 1869 3389 doctis
1892 3335 1925 3389 ct
1943 3328 2087 3389 honarum
2104 3326 2173 3387 lits·

153 3432 250 3473 rarum
268 3410 421 3472 studiosis
443 3416 567 3492 propter
588 3413 700 3494 ingenii
723 3432 861 3486 acumen,
879 3421 942 3476 trun
961 3415 1051 3475 etiam
1074 3414 1156 3495 quod
1175 3413 1334 3474 honestius
1357 3414 1431 3474 vivit
1449 3434 1539 3492 qrranr
1568 3413 1739 3485 Lutherus,
1774 3414 1866 3475 simul
1900 3422 1998 3476 lernen
2033 3413 2171 3485 affirmat,

154 3497 234 3560 hunc
256 3496 393 3559 libellum
416 3499 510 3559 ashrti
533 3497 665 3562 rhetoris
687 3500 780 3580 louge
801 3499 874 3580 plus
892 3499 1107 3562 calumniarum
1130 3508 1161 3562 et
1186 3501 1316 3560 inanium
1340 3500 1545 3581 querelarum,
1570 3521 1660 3581 quam
1684 3503 1831 3562 rationum
1855 3509 1907 3564 aut
1928 3502 2173 3563 testimoniorum

153 3584 276 3647 hahere.
322 3582 440 3644 Eodem
464 3584 554 3645 modo
577 3587 606 3647 in
626 3585 707 3650 hunc
726 3585 864 3648 libellum
887 3586 1092 3648 debacchatur
1124 3584 1485 3649 ULENBERGIUS
1520 3589 1548 3647 in
1577 3589 1724 3652 Historia
1755 3591 1797 3654 tle
1818 3590 1882 3654 vilet
1903 3597 1938 3654 et
1955 3590 2054 3654 relus
2067 3592 2174 3668 petiis

151 3671 408 3738 Melauchthonis
429 3690 448 3731 a
469 3691 538 3752 pag.
564 3677 742 3741 157-,-166.
767 3675 844 3735 inter
864 3672 925 3734 alia
942 3675 1096 3738 scribens:
1116 3672 1233 3739 Edidit
1245 3674 1299 3739 lih.
1320 3676 1362 3738 de
1384 3676 1548 3740 maiestas
1568 3676 1741 3740 autoritate
1759 3677 1861 3757 deque
1882 3675 2016 3760 synodis
2037 3684 2071 3740 et
2089 3675 2174 3740 scri·

147 3759 218 3843 ptis
235 3767 386 3840 nemun,
409 3759 524 3839 quihrss
544 3760 587 3824 de
607 3765 705 3828 rehus
721 3761 768 3825 ita
789 3761 943 3845 disputat,
964 3770 1003 3825 ut
1016 3770 1051 3826 et
1068 3761 1237 3826 mendaciis
1258 3761 1292 3824 in
1318 3761 1506 3840 Catholicae,
1529 3765 1562 3826 in
1585 3762 1762 3827 Ecclesiam
1784 3769 1936 3840 crimem,
1958 3770 1993 3827 et
2011 3768 2174 3827 contume-

150 3845 216 3910 lias
237 3846 273 3908 in
295 3845 328 3909 S.
345 3851 466 3913 Patres
482 3844 647 3928 infamat.
691 3850 779 3913 Sane
795 3849 924 3929 peridem
949 3847 1127 3913 Catholicae
1147 3848 1243 3912 huius
1263 3849 1419 3930 temporis
1442 3851 1524 3913 niteo
1539 3848 1771 3931 sycophantiae
1786 3849 1915 3931 passim
1936 3856 1971 3913 et
1986 3848 2174 3932 procaciter

151 3933 338 4008 insectatur,
360 3939 399 3994 ut
411 3932 541 3996 dubium
559 3952 623 3999 non
644 3936 696 4018 sit,
714 3934 791 4017 auin
812 3935 976 3998 lathem
997 3936 1077 4017 epse,
1099 3934 1293 3999 conm'ciator
1313 3935 1468 4017 omnium,
1480 3955 1566 4016 arms
1587 3939 1638 3999 sot
1653 3936 1740 4014 nidd,
1762 3935 2061 4018 impotenthsinnss,
2079 3933 2176 3999 inha-

150 4019 233 4084 larit
251 4018 302 4084 ilii
316 4016 468 4101 spiritum
488 4037 583 4084 susim
613 4029 649 4087 et
665 4026 788 4088 calatho
809 4022 1234 4106 smihmmhamaruientiae
1255 4040 1409 4086 cenenum
1431 4021 1598 4103 infuderit.
1654 4023 1751 4084 Hisce
1778 4021 1890 4083 similis
1913 4028 1977 4083 erat
2004 4018 2175 4083 FRIDE-

150 4101 305 4166 Rlst
335 4072 639 4168 snnPnYniis
662 4109 692 4168 in
714 4108 865 4173 Alsohsta
881 4108 1093 4192 responsione
1110 4108 1145 4171 in
1166 4108 1389 4190 &sennonem
1410 4109 1581 4192 Apolopiae
1601 4111 1740 4174 meede
1761 4128 1837 4174 aero
1849 4126 2069 4190 permonooue
2085 4106 2176 4173 Scri·

146 4200 271 4274 patrae
298 4209 416 4255 sacrm
445 4191 609 4259 intellectu
642 4195 770 4275 (than.
808 4197 901 4255 1563.
925 4197 969 4273 8.)
990 4215 1021 4275 p.
1048 4196 1118 4256 132.
1142 4193 1294 4255 eiusmodi
1317 4194 1460 4256 iudicium
1479 4194 1599 4258 terens:
1631 4196 1716 4274 Quia
1735 4215 1810 4261 nere
1831 4197 2079 4262 tietarchthant
2121 4195 2176 4260 Ati

173 4498 181 4509 ,
258 4431 286 4500 ‘t
306 4434 379 4502 corp.
403 4437 458 4491 ror.
478 4437 559 4501 ιιιρ.
577 4433 635 4488 ru.
702 4405 713 4428 '

248 4550 285 4617 ·’)
303 4554 377 4621 corp.
394 4559 448 4611 vor.
466 4557 515 4608 m.
533 4570 559 4622 ρ.
578 4555 643 4609 ιιι.

238 4669 291 4741 “'i
310 4676 381 4730 ΗΜ
397 4678 493 4742 lisina
511 4670 611 4743 smair
629 4678 663 4731 ah
683 4676 805 4733 Strohelh
822 4677 961 4731 edhinnern
979 4679 1056 4732 huius
1074 4679 1131 4733 libri
1150 4680 1297 4742 camerarii,
1315 4693 1381 4746 quae
1398 4680 1493 4745 prodiit
1510 4681 1590 4734 llatae
1610 4680 1684 4732 litt.
1704 4683 1729 4738 s,

251 4797 281 4860 †)
300 4797 356 4849 hila
383 4796 463 4850 huius
481 4797 540 4851 libri
558 4797 646 4857 editio,
663 4809 729 4863 quae
747 4799 773 4853 tn
790 4800 856 4853 mels
872 4799 945 4853 llhrls
962 4803 1020 4862 est,
1047 4800 1141 4864 prodiit
1157 4814 1181 4855 ι.
1206 4800 1278 4851 154³.
1298 4802 1336 4854 sis
1353 4803 1486 4865 inscripta:
1517 4798 1697 4870 Philippica
1713 4801 1718 4869 1
1772 4804 1848 4854 ints.
1864 4800 1870 4867 1
1886 4797 1923 4852 ln
1941 4803 2004 4852 tres
2021 4795 2159 4866 tihellus!

309 4860 396 4918 Phili
469 4861 724 4920 Melanchthonis.
740 4866 745 4936 Ι
760 4864 785 4919 l.
803 4864 851 4920 De
868 4864 1028 4921 Ecclesiae
1045 4871 1211 4922 autoritate
1230 4874 1259 4921 et
1283 4868 1318 4922 dc
1336 4875 1473 4922 ueterum
1491 4871 1647 4993 scriptis.)
1673 4867 1716 4923 ll.
1773 4871 1981 4940 epraccipua
2001 4865 2175 4937 diffmmtia

307 4935 390 4987 later
430 4930 623 4990 'hristianam
637 4939 642 5003 Ι
657 4933 824 5009 Euanpcllj
839 4941 868 4989 st
886 4935 1085 4990 idolatricam
1102 4937 1303 5008 Papirianum
1321 4938 1371 4992 do·
1386 4940 1392 5003 l
1409 4940 1573 5004 cinnami
1594 4936 1629 4992 ii
1646 4978 1652 4990 .
1671 4937 1720 4993 De
1737 4936 1840 5009 ospicio
1858 4936 2044 5008 Principum
2062 4942 2175 4991 contra

308 4998 420 5075 chusar
441 5000 552 5056 Eccle·
566 5005 571 5069 Ι
586 5005 738 5058 masuras.
754 5011 759 5072 Ι
774 5004 887 5059 Auiore
903 5004 948 5059 Io.
967 5005 1149 5076 itachium!
1181 5010 1297 5074 (insigne
1315 5017 1424 5074 typam:
1451 5010 1576 5069 Minerva)
1593 5006 1777 5082 lnpolstadip⁸
1793 5023 1831 5061 ea
1849 5004 1977 5075 officina
2001 5005 2175 5061 Alesandrt

311 5066 821 5141 Vueissenham.lht.1i.1h111.
858 5073 927 5143 1³¹s,
943 5077 1031 5142 pians.
1050 5079 1097 5131 litt
1116 5080 1190 5132 n—ii
1208 5077 1276 5145 (ον,
1294 5079 1380 5144 ples.)
1397 5081 1473 5143 sign,
1499 5082 1533 5133 at
1551 5078 1606 5132 toli.
1626 5093 1677 5133 non
1695 5093 1778 5144 auru,
1795 5083 1821 5129 a
1855 5079 1953 5146 lacus,
1980 5077 2016 5133 sd
2031 5090 2110 5145 quen
2131 5077 2175 5132 his

305 5140 454 5196 stroneltus
473 5145 584 5208 mestit
602 5143 699 5208 lentim
715 5144 741 5198 ln
758 5145 878 5200 achiae!
895 5147 1100 5211 unstrhuncalr
1117 5147 1152 5201 ert
1168 5147 1289 5202 caman
1306 5150 1335 5203 i.
1353 5149 1548 5215 inuentorem,
1565 5148 1612 5202 tol.
1632 5149 1680 5202 hs
1695 5136 1773 5203 halus
1790 5148 1920 5203 cittiunis.

464 5231 491 5281 s
