4628 5588
235 146 247 161 ἱ

147 367 288 447 animae,
322 379 355 432 et
383 368 484 445 scire,
517 386 603 453 quae
627 377 728 453 agant
751 364 958 445 naturaliter,
992 378 1131 454 atquae

148 476 168 519 a
214 467 250 519 nt
283 451 388 519 libere
416 456 551 539 propria
578 450 750 533 libertate,
786 473 871 538 quae
900 467 1060 540 regantur
1087 457 1130 520 ah

148 543 235 621 aiis,
259 553 293 606 et
315 552 473 626 quantum
495 540 567 626 regi
588 539 729 625 possint.

234 709 411 778 Vocabula
445 702 541 776 etiam
570 722 663 778 recte
692 709 928 797 intelligantur.
972 711 1131 777 Liberum

147 801 321 865 arbitrium
353 798 520 884 significat
554 796 616 861 has
639 799 723 862 duas
744 801 911 884 potentias
943 797 1128 883 copulatas,

147 883 354 951 Intellectum
384 895 416 948 et
440 880 670 964 Voluntatem,
703 903 764 948 seu
796 882 988 950 facultatem
1012 884 1128 950 volun·

147 973 225 1037 tatis
248 973 290 1036 ad
315 969 504 1058 eligendum
527 982 560 1035 et
583 972 802 1054 expetendum
832 993 883 1051 ea,
916 992 1003 1057 quae
1036 992 1128 1035 mon·

147 1070 252 1123 strata
274 1072 372 1137 suut,
396 1072 429 1121 et
451 1058 494 1120 ad
516 1058 728 1121 reiiciendum
752 1059 887 1137 eadem,
912 1078 1000 1143 quae
1021 1055 1128 1122 facul·

147 1156 201 1210 tas
222 1145 255 1209 in
279 1156 397 1209 natura
419 1143 563 1207 hominis
586 1145 728 1230 integra,
749 1140 851 1230 longe
873 1142 934 1209 fuit
956 1158 1128 1227 praestan-

146 1232 219 1296 tior'
234 1252 340 1316 quam
357 1250 446 1295 nunc
468 1241 521 1294 est
548 1229 580 1293 in
614 1230 816 1314 depravatis,
849 1242 886 1295 ut
908 1231 1020 1297 hiberi
1044 1231 1128 1295 arbi·

145 1318 198 1383 trli
220 1329 285 1395 est,
319 1318 410 1402 quod
432 1314 547 1398 Scipio
580 1334 648 1379 non
681 1313 785 1381 voluit
807 1313 947 1381 alienam
970 1338 1129 1400 sponsam

145 1404 324 1490 attingere,
355 1403 425 1467 sed‘
438 1399 510 1467 vult
532 1422 604 1466 eam
626 1400 819 1468 inviolatam
840 1404 913 1467 sine
932 1400 1130 1469 contumelia

146 1490 262 1555 reduci
285 1489 519 1575 adparentes.
563 1486 619 1553 De
644 1486 696 1552 his
727 1487 902 1553 vocabulis
932 1487 1035 1554 multa
1063 1488 1128 1552 exi·

141 1571 221 1640 liter
243 1577 388 1658 disputat
410 1586 572 1651 vetustaS,
605 1576 692 1659 quoe
726 1586 835 1640 tamen
868 1587 901 1640 et
934 1573 1074 1661 intelligi
1097 1586 1128 1639 et

147 1658 313 1747 explicari·
327 1659 428 1726 facile
449 1673 593 1745 possunt
614 1663 656 1725 ab
675 1660 740 1741 bis,
763 1665 818 1748 qui
831 1661 1149 1749 Physicaedoctri·.

144 1769 212 1813 uae
234 1745 399 1814 elementa
419 1759 512 1817 recte
535 1749 731 1813 didicerunt.

114 1968 117 1973 .
232 1918 270 1983 ln
293 1921 428 2004 seriptis
446 1918 656 2004 Propheticis
679 1932 712 1985 et
735 1917 939 2005 Apostolicis
962 1920 1048 1984 haec
1069 1940 1128 1985 vo·

148 2004 269 2072 cabula
290 2007 414 2072 usitata
431 2021 520 2085 sunt,
543 2028 638 2091 ruens
657 2018 690 2072 et
712 2029 782 2085 eor,
805 2028 892 2091 quae
912 2009 1011 2071 ambo
1032 2028 1128 2072 usur·

147 2103 268 2177 pantur
299 2115 361 2177 pro
395 2091 568 2157 intellectu
601 2104 634 2155 et
667 2090 849 2172 voluntate,
882 2114 961 2159 vere
994 2104 1027 2158 et
1059 2113 1127 2156 uon

147 2178 301 2243 simulate
323 2177 448 2264 aliquid
481 2177 627 2256 volente,
660 2177 728 2245 hoc
762 2194 832 2258 est,
866 2177 1129 2262 complectuntur

147 2265 305 2329 iudicium
325 2276 358 2328 et
380 2266 599 2348 appetitiones
621 2285 733 2344 veras,
763 2287 830 2330 non
853 2263 1037 2344 simulatas,
1066 2286 1129 2331 nec

147 2362 272 2415 tantum
295 2370 382 2433 opus
404 2362 587 2417 externum.

151 2560 157 2571 ι
235 2520 320 2586 (lum
344 2541 425 2671 ergo
447 2524 481 2586 in
497 2519 653 2588 Ecclesia
676 2524 874 2608 disputatur,
907 2544 950 2588 an
972 2519 1143 2588 voluntas‘

146 2609 291 2674 humana
314 2610 357 2673 sit
395 2611 504 2688 ibera,
533 2608 599 2674 hoc
623 2614 803 2696 quaeritur,
832 2609 887 2675 An
908 2623 943 2675 et
964 2622 1128 2697 quatenus

146 2692 303 2760 voluntas
324 2694 470 2760 humana
491 2694 575 2785 Legi
599 2696 662 2762 Dei
685 2698 821 2762 obedire
837 2698 954 2782 possit.

232 2866 295 2933 llic
317 2887 462 2932 necesse
483 2880 537 2933 est
565 2869 653 2932 scire
688 2868 872 2935 doctrinam
900 2871 943 2936 de
975 2881 1129 2955 peccato,

147 2954 237 3039 quod
270 2966 452 3018 nascentes
485 2954 666 3033 aderimus,
700 2956 790 3040 quod
816 2967 868 3020 est
889 2957 993 3020 tristis
1018 2954 1128 3041 caligo

147 3041 181 3104 iu
206 3041 353 3124 potentia
374 3053 615 3126 cognoscente,
648 3040 804 3106 videlicet
836 3062 915 3107 esse
947 3044 1021 3107 sine
1053 3039 1128 3108 luce

147 3137 354 3210 agnoscente
375 3124 496 3203 Deum,
530 3135 563 3190 et
595 3147 674 3192 esse
707 3129 780 3192 sine
808 3129 903 3192 firma
924 3128 991 3192 fide
1013 3149 1129 3192 assen-

147 3214 248 3276 tiente
271 3212 367 3274 minis
390 3224 423 3276 et
444 3212 735 3296 promissionibus
771 3227 806 3277 et
838 3215 871 3278 in
900 3212 1073 3279 voluntate
1095 3226 1128 3279 et

146 3299 181 3362 in
204 3297 307 3361 corde
329 3318 407 3363 esse
430 3300 503 3363 sine
525 3308 659 3364 rectore
681 3300 768 3379 Deo,
791 3312 824 3364 et
847 3322 888 3365 va
915 3301 965 3365 ari
986 3300 1129 3365 flammis

148 3382 362 3468 cupiditatum
386 3395 503 3448 contra
525 3388 676 3451 ordinem
698 3406 719 3451 a
741 3385 816 3451 Deo
839 3387 873 3451 in
928 3407 991 3472 ege
1020 3389 1129 3452 sanci-

146 3482 225 3539 tum.
270 3468 363 3536 llaec
386 3468 473 3536 mala
494 3472 674 3557 impediunt
695 3473 886 3539 interiorem
908 3475 1129 3540 obedientiam

105 3590 108 3595 ·
146 3556 229 3641 erga
245 3555 382 3643 Legem.

233 3727 385 3795 Necesse
407 3742 460 3795 est
493 3732 591 3796 etiarn
623 3733 713 3796 scire
744 3752 858 3798 veram
881 3733 1065 3798 domanam
1087 3733 1129 3797 de

147 3811 240 3900 Lege
263 3813 339 3892 llei,
366 3816 445 3899 quid
467 3818 512 3880 sit
537 3830 569 3881 et
591 3838 696 3902 quare
718 3818 796 3882 data
818 3820 873 3896 sit,
896 3821 975 3903 quid
999 3819 1129 3885 intersit

145 3901 232 3966 inter
259 3897 412 3984 politicas
435 3900 546 3986 Leges
580 3916 615 3967 et
646 3903 798 3968 divinam.
845 3903 930 3970 Voci
951 3902 1129 3990 Magistra-

147 3998 238 4053 tuum
261 3984 428 4052 satisfacit
450 4000 586 4052 externa
608 3991 812 4055 obedientia:
840 3993 905 4057 Sed
927 3990 999 4055 Lex
1017 3992 1129 4056 diviua

146 4085 198 4138 est
218 4073 373 4138 iudicium
396 4086 514 4138 contra
536 4089 708 4158 peccatum
726 4078 759 4140 in
776 4088 909 4156 natura,
933 4079 1127 4156 ostendens,

145 4158 255 4246 qualis
279 4178 359 4227 esse
392 4161 513 4225 debeat
545 4159 656 4226 homo.
701 4164 773 4229 Nec
806 4175 932 4229 tantum
965 4166 1129 4249 praecipit

145 4259 285 4396 paterna
305 4244 408 4327 facta,
432 4268 496 4314 nec
518 4246 685 4315 satislacit
703 4250 786 4337 Legi
803 4248 868 4316 Dei
890 4262 1028 4316 externa
1050 4254 1129 4317 obe·

168 4334 277 4401 ientia.
444 4348 449 4357 '

229 4504 275 4571 Ut
307 4516 417 4573 autern
446 4504 603 4573 voluntas
630 4506 774 4573 humana
801 4528 870 4573 nou
890 4519 1004 4594 potest
1026 4511 1127 4594 depo·

145 4610 225 4656 nere
245 4606 399 4672 mortem,
427 4595 471 4659 ita
493 4613 556 4658 nec
578 4596 747 4678 deponere
779 4606 891 4679 potest
912 4596 983 4659 suis
1000 4596 1127 4661 viribus

144 4679 341 4761 pravitatem
368 4682 543 4746 nobiscum
569 4693 773 4746 nascentem.
822 4680 866 4745 Et
898 4701 1028 4767 semper
1050 4694 1129 4748 sunt

143 4765 177 4829 in
200 4785 268 4829 non
289 4769 413 4831 terratis
437 4767 625 4832 horrendae
657 4769 879 4834 dubitationes
909 4770 951 4833 de
973 4766 1061 4850 Deo,
1093 4782 1127 4836 et

143 4850 351 4918 inordinatae
372 4852 527 4920 Πειιιιιιεε
550 4854 745 4921 vitiosorum
766 4854 957 4920 affectuum.

60 5007 65 5016 ’
104 5062 113 5071 -
158 5070 161 5075 .
229 5019 420 5109 Disputatio
443 5038 496 5091 cst
522 5026 637 5114 igitur,
693 5029 748 5092 uid
776 5038 811 5091 ot
834 5037 993 5113 quantum
1013 5025 1127 5094 facero

143 5109 288 5177 humana
329 5108 485 5179 voluutas
505 5114 638 5199 possiti
714 5114 745 5179 ic
765 5114 907 5199 primam
927 5116 1127 5200 respondeo.

774 174 885 242 ema.
907 128 1011 243 atah.
1033 176 1221 289 scanvra
1242 174 1520 244 ooouarrcn
1553 114 1559 135 ’

2101 132 2232 245 ω’.

1183 363 1267 430 Cum
1289 360 1498 431 manifestum
1521 368 1617 431 sitin
1641 369 1804 434 mentibus
1819 368 1990 434 hominum
2004 354 2167 454 reliquam

1183 472 1262 516 esse
1289 452 1437 516 notitiam
1467 449 1612 537 aliquam
1634 452 1747 540 Legis,
1782 467 1813 519 et
1840 453 2045 520 voluntatem
2067 456 2166 520 etiam

1181 550 1259 622 post
1292 536 1424 622 lapsum
1455 535 1558 603 libere
1590 560 1693 623 posse
1728 543 1815 606 ciere
1843 539 2093 621 locomotivam,
2131 540 2166 606 id

1183 636 1252 703 est,
1293 644 1411 709 regere
1444 639 1555 691 motus
1588 628 1812 693 membrorum
1844 640 2021 709 externos,
2055 638 2167 711 potest

1183 707 1338 775 voluntas
1371 707 1515 775 humana
1548 713 1644 776 etiam
1668 715 1741 776 sine
1760 715 1987 792 renovatione,
2021 715 2166 799 propriis

1182 799 1308 861 viribus
1336 793 1447 882 aliquo
1480 798 1580 862 ruodo
1611 810 1749 863 externa
1772 799 1875 886 Legis
1909 820 2011 883 opera
2038 797 2165 865 facere.
2223 808 2230 821 '

1181 883 1273 947 llaec
1296 896 1345 947 est
1371 882 1508 947 libertas
1532 881 1724 962 voluntatis,
1746 907 1844 971 quom
1857 883 2056 971 Philosophi
2074 896 2166 951 recte

1181 971 1331 1035 tribuunt
1353 968 1495 1046 homini,
1528 981 1561 1033 et
1583 969 1668 1035 baec
1689 984 1828 1036 externa
1850 973 2039 1038 obedientia
2061 990 2167 1057 saepe

1181 1058 1369 1120 nominatur
1399 1054 1575 1141 disciplina
1607 1076 1668 1121 seu
1702 1058 1922 1145 paedagogia,
1957 1078 2056 1144 quam
2085 1059 2166 1125 dici·

1181 1162 1254 1206 mus
1276 1144 1308 1207 iu
1331 1151 1498 1226 potestate
1521 1140 1701 1207 voluntatis
1731 1142 1844 1229 aliquo
1872 1145 1973 1210 modo
2004 1164 2098 1222 esse,
2128 1156 2167 1210 ut

1180 1229 1297 1292 sitiens
1318 1239 1431 1313 potest
1451 1229 1614 1312 imperare
1635 1226 1858 1295 locomotivae
1878 1242 1915 1295 ut
1932 1250 2050 1295 manus
2067 1232 2169 1311 cieat,

1180 1335 1266 1399 quae
1288 1312 1443 1398 poculum
1467 1316 1516 1378 ori
1539 1315 1749 1395 admoveant,
1782 1329 1839 1381 aut
1863 1327 1900 1382 ut
1923 1318 2079 1401 reprimat
2096 1338 2167 1381 ma·

1180 1422 1255 1465 nus.
1278 1400 1327 1463 lta
1346 1402 1506 1487 cogitatio
1528 1414 1561 1465 et
1583 1400 1737 1467 voluntas
1750 1415 1892 1488 possunt
1910 1404 1944 1468 in
1959 1400 2089 1467 Achille
2107 1405 2168 1467 im·

1180 1507 1300 1572 perure
1326 1483 1561 1566 locomotivae,
1593 1499 1630 1552 ut
1654 1490 1810 1574 reprimat
1833 1510 1966 1569 manus,
1995 1510 2039 1554 ne
2065 1490 2169 1554 stria·

1182 1584 1262 1659 gant
1280 1569 1437 1659 gladium.
1525 1608 1528 1613 ·
1953 1593 1957 1599 ·

1267 1708 1362 1773 Ηειιε
1395 1705 1580 1773 libertatem
1615 1730 1693 1775 esse
1725 1709 1885 1797 reliquam
1920 1713 1952 1775 in
1975 1712 2170 1779 hominibus

1181 1797 1278 1860 etiam
1301 1798 1334 1859 in
1351 1817 1419 1859 non
1444 1798 1569 1860 renatis
1588 1795 1796 1863 manifestum
1816 1809 1881 1873 est,
1904 1800 1991 1864 sicut
2010 1810 2042 1863 et
2062 1802 2171 1864 verba

1181 1880 1275 1948 Pauli
1298 1882 1499 1968 significant,
1528 1883 1582 1968 qui
1606 1885 1753 1949 nominat
1774 1885 1933 1950 iustitiam
1956 1886 2068 1950 carnis
2092 1906 2169 1949 eam

1181 1967 1401 2053 disciplinam,
1432 1990 1529 2053 quam
1550 1989 1649 2048 caro,
1672 1971 1705 2033 id
1728 1982 1791 2049 est,
1815 1970 1915 2035 horno
1937 1991 2005 2035 non
2028 1984 2168 2036 renatus

1181 2052 1293 2119 efficit.
1337 2054 1476 2119 Fatetur
1497 2076 1579 2140 ergo
1602 2057 1634 2120 in
1657 2052 1791 2121 homine
1813 2078 1879 2122 uon
1913 2069 2031 2122 renato
2064 2053 2168 2122 talem

1180 2139 1370 2207 facultatem
1394 2162 1483 2215 esse,
1511 2143 1664 2207 actiones
1687 2145 1928 2209 convenientes
1948 2142 2034 2231 Legi
2057 2155 2168 2209 exter·

1179 2249 1242 2294 nas
1265 2226 1376 2293 facere
1398 2238 1458 2292 aut
1479 2248 1544 2291 noo
1568 2227 1692 2295 facere.

1265 2362 1382 2429 Voluit
1404 2376 1514 2429 autam
1536 2364 1629 2429 Deus
1652 2362 1752 2429 talem
1785 2363 1969 2430 libertatem
2002 2364 2167 2452 reliquam

1180 2472 1258 2515 esse
1281 2465 1418 2534 propter
1437 2453 1519 2515 duas
1543 2471 1677 2529 causas,
1700 2450 1867 2530 videlicet,
1895 2452 2036 2537 primum
2056 2466 2093 2518 ut
2115 2455 2164 2518 in·

1179 2536 1370 2625 telligamus
1394 2538 1571 2601 discrimen
1594 2538 1679 2602 inter
1702 2558 1807 2624 agens
1835 2536 1976 2604 liberum
2004 2550 2037 2603 et
2069 2551 2167 2604 natu·

1179 2622 1261 2703 rale,
1294 2634 1327 2688 et
1359 2625 1522 2690 sciremus
1554 2625 1663 2708 ipsum
1685 2621 1796 2693 Deum
1829 2644 1907 2690 esse
1935 2644 2041 2712 agens
2062 2622 2167 2691 liber·

1179 2732 1307 2777 nmum.

1265 2865 1396 2931 Deinde
1427 2876 1465 2929 ut
1504 2875 1663 2931 externae
1702 2865 1869 2931 homiuum
1901 2867 2054 2931 actiones
2091 2868 2168 2954 regi

1179 2966 1320 3038 possent
1352 2951 1469 3016 notitia
1501 2950 1614 3036 Legis.
1656 2953 1732 3016 Nec
1764 2963 1874 3018 tamen
1907 2944 1994 3017 haec
2025 2965 2168 3019 externa

1181 3040 1368 3105 obedientia
1389 3035 1553 3102 satisfacit
1575 3038 1658 3124 Legi
1681 3039 1757 3118 Dei,
1780 3059 1844 3103 uec
1866 3051 1918 3103 est
1940 3038 2075 3115 iustitia,
2097 3060 2169 3127 qua
2236 3054 2239 3059 '

1180 3125 1280 3190 homo
1303 3145 1416 3189 coram
1435 3123 1511 3189 Deo
1532 3126 1641 3189 iustus
1664 3137 1738 3204 est,
1771 3146 1836 3189 nec
1857 3135 1911 3190 est
1932 3127 2085 3190 meritum
2112 3146 2168 3192 re·

1180 3212 1349 3277 missionis
1374 3223 1600 3296 pcccatorum.
1650 3210 1728 3277 ldeo
1758 3212 1891 3276 dicitur:
1923 3210 1975 3276 Ex
2007 3213 2168 3297 operibus

1180 3298 1283 3384 Legis
1315 3319 1384 3362 non
1417 3295 1649 3362 iustificabitur
1682 3319 1796 3363 eoram
1817 3296 1894 3362 Deo
1929 3299 2036 3362 omnis
2071 3318 2166 3363 caro.

1181 3385 1378 3449 Nominatur
1399 3395 1509 3448 autem
1533 3383 1640 3465 litera,
1673 3387 1750 3469 quia
1780 3383 1939 3472 cogitatio
1960 3382 2019 3449 illa
2040 3404 2168 3471 regens

1180 3483 1304 3536 motum
1327 3485 1510 3550 externum,
1544 3484 1598 3535 est
1630 3468 1732 3537 veluti
1754 3471 1886 3556 pictura
1915 3490 1975 3536 seu
1997 3472 2168 3556 scriptura

1179 3556 1264 3622 illita
1287 3560 1440 3635 cerebro,
1461 3558 1535 3621 sine
1557 3558 1680 3623 vitain
1704 3559 1817 3634 corde,
1839 3558 1912 3621 sine
1934 3556 2067 3622 flamma
2089 3576 2167 3623 cor·

1181 3646 1232 3709 dis
1256 3644 1409 3709 divinitus
1431 3663 1589 3722 accensa,
1619 3656 1653 3709 et
1674 3646 1824 3708 intuente
1847 3642 1971 3707 Deumt
2006 3642 2051 3707 Ut
2073 3645 2168 3730 cogi-

1180 3731 1260 3797 tatio
1295 3732 1337 3796 de
1369 3732 1419 3795 ira
1451 3731 1660 3816 reprimenda
1692 3732 1726 3794 in
1754 3726 1893 3794 Achille
1926 3741 1979 3794 est
2007 3731 2097 3811 picta
2130 3732 2167 3795 in

1182 3819 1343 3898 cerebro,
1390 3837 1464 3883 cum
1493 3817 1624 3902 quidem
1657 3837 1716 3880 cor
1738 3813 1932 3895 reluctetur,
1973 3818 2041 3882 nec¹
2069 3834 2166 3881 mens

1181 3902 1323 3969 Achillis
1349 3904 1492 3968 intuetur
1518 3900 1639 3982 Deum,
1671 3922 1734 3968 nec
1768 3923 1828 3966 cor
1849 3898 1994 3967 laetatur
2014 3903 2047 3967 in
2070 3898 2165 3968 Deos

1181 3989 1275 4056 Sicut
1296 3990 1409 4056 David
1431 3990 1615 4074 reprimens
1638 4010 1688 4067 se,
1721 4009 1766 4053 ne
1788 3989 1920 4054 occidat
1942 3985 2094 4068 Saulem,
2115 3990 2167 4055 ln·

1180 4087 1289 4144 tuetur
1310 4076 1420 4142 Deum
1442 4086 1476 4142 et
1498 4077 1683 4162 acquiescit
1704 4076 1739 4140 in
1759 4073 1846 4140 Deo.

1266 4246 1381 4334 'prus
1404 4249 1502 4312 etiam
1523 4243 1622 4312 buius
1643 4245 1787 4312 iustitiae
1810 4257 1968 4311 externae
1980 4255 2033 4311 est
2046 4242 2168 4313 folium

1180 4334 1273 4418 fiet„
1303 4357 1345 4399 uo
1374 4354 1414 4399 se
1443 4346 1559 4420 tegunt
1582 4334 1676 4416 primi
1698 4344 1872 4417 parentes:
1915 4332 2001 4396 Nam
2024 4334 2168 4398 externa

1181 4355 1356 4505 diseipdina
1372 4432 1542 4504 utcunque
1564 4421 1649 4506 tegit
1678 4417 1920 4483 deformitatem
1945 4430 2085 4487 naturae
2102 4419 2168 4484 'in-

1180 4510 1347 4584 teriorem,
1375 4519 1413 4570 ut
1444 4518 1523 4571 sont
1555 4527 1611 4570 res
1640 4504 1802 4590 pulchrae
1824 4506 1966 4570 ordinati
1995 4517 2114 4590 gestus
2131 4507 2167 4572 lu

1179 4595 1337 4681 Scipione
1371 4591 1506 4657 nolente
1539 4594 1618 4656 attin
1645 4612 1703 4657 cre
1724 4589 1866 4655 alterius
1888 4610 2066 4675 sponsam,
2099 4611 2167 4658 nco

1179 4693 1288 4745 tamen
1318 4678 1398 4744 illud
1431 4677 1545 4746 solium
1575 4614 1684 4744 ander-t
1709 4691 1892 4779 peccatum
1926 4690 1959 4742 et
1980 4678 2167 4743 mortem‘a
2236 4692 2240 4699 “

1178 4768 1293 4851 primis
1311 4765 1514 4850 parentibus,
1577 4839 1583 4855 ἲ

1264 4940 1350 5007 Sunt
1371 4950 1482 5004 autem
1505 4935 1592 5002 aliae
1616 4928 1907 5022 causaequatuor,
1929 4909 2165 5021 propterque·

1178 5037 1316 5093 externa
1338 5022 1533 5091 obedientia*
1548 5025 1584 5090 in
1607 5025 1760 5091 omuibus
1769 5023 1967 5090 necessaria
1978 5034 2042 5104 est,
2063 5024 2165 5089 etiarn

1177 5116 1212 5179 io
1233 5135 1302 5181 noa
1321 5114 1458 5179 renatis.
2003 5140 2006 5147 ·
2086 5134 2091 5143 ·
2135 5136 2140 5155 =
