4628 5588
147 188 211 257 rao
746 185 862 253 rma
883 185 986 253 orna
1007 184 1199 254 semera
1218 182 1499 253 uocatum.
1677 146 1680 151 ’
1831 157 1833 160 ’
2092 190 2158 283 ιιι
2195 200 2229 287 .'

145 380 295 446 homines
316 379 403 443 inter
423 397 463 442 sa
486 374 667 462 copulavit,
688 386 726 441 ιιι
746 373 804 440 illa
818 378 894 460 ipsa
921 371 1033 441 officie
1059 377 1126 441 sint
1175 376 1218 454 rit
1240 370 1388 441 officinm
1409 375 1630 453 subditorum,
1664 395 1740 441 cum
1762 377 1914 443 videatur
1935 382 2028 465 prius
2049 378 2170 449 fuisse·

144 465 303 541 exercitia
326 460 561 541 confessionis,
595 460 1125 565 etmonstrent,'gnidde1leo
1176 461 1351 526 dicendum
1372 462 1415 526 de
1436 458 1551 526 officio
1573 461 1819 552 gubernatoris.
1855 463 1926 529 Sed
1948 485 2051 532 causa
2071 469 2158 535 nae·

143 551 338 617 scutimus.
400 548 475 615 llnc
502 549 645 632 pertinet
672 549 797 613 dictum
825 544 964 612 Christi:
998 547 1126 613 Luceat
1176 558 1238 625 cst,
1271 548 1349 633 quia
1381 543 1527 612 officium
1560 548 1793 632 gubernatoris
1826 569 2023 635 expressum
2048 564 2101 619 est
2120 553 2157 619 in

143 635 202 704 lux
223 648 339 701 vestra
360 655 474 700 coram
495 634 702 712 hominibus,
735 645 772 699 ut
799 630 1004 718 glorificetur
1025 631 1126 699 Pater
1174 634 1258 720 ipsis
1292 635 1482 718 praeceptis
1516 629 1651 717 reliquis
1684 633 1851 717 prioribus
1874 647 1907 701 et
1929 639 2156 724 sequentibus,

145 720 315 789 coelestis.
358 720 519 804 Proponit
538 719 656 797 finem,
689 720 733 784 ad
754 738 853 805 quem
874 716 991 784 referri
1009 739 1126 784 omues
1199 729 1333 784 arentes
1365 729 1400 783 et
1427 739 1460 783 m
1505 719 1641 782 'tratus
1664 716 1736 784 vult
1756 739 1834 785 esse
1856 725 2016 788 custodes
2038 721 2157 792 harum

144 810 299 875 actiones
317 809 457 885 debent,
490 803 664 884 videlicet,
696 816 733 871 ιιι
760 806 951 870 innotescat
971 825 1013 870 ac
1035 803 1125 871 cele·
1174 740 1298 891 hgom,
1319 816 1354 870 et
1374 806 1465 869 iuxta
1509 824 1547 868 as
1569 802 1667 889 leges
1688 824 1725 869 re
1750 824 1809 870 erc
1830 827 1903 885 eos,
1924 811 2045 893 quibus
2060 830 2156 896 prae·

144 897 260 960 bretur
280 890 385 958 Dens.
451 891 591 956 Etcum
612 893 732 976 inquitz
764 889 892 959 Luceat
913 887 972 954 lux
1000 903 1125 971 vestra,
1175 904 1272 969 sunt,
1306 900 1423 956 curent
1451 908 1511 954 eos
1533 890 1648 954 doceri
1670 891 1711 954 de
1768 910 1828 969 eo,
1862 904 1895 958 ει
1916 895 2092 961 assuefieri
2111 898 2157 962 ad

144 978 216 1046 vult
243 980 276 1043 in
303 980 387 1065 ipsis
415 976 514 1044 factis
544 979 692 1062 conspici
720 975 965 1043 confessionem
994 989 1027 1041 et
1049 998 1125 1042 sen·
1175 995 1290 1042 veram
1320 977 1563 1043 invocationem
1594 973 1660 1040 Ilei
1693 986 1726 1040 et
1760 979 1966 1044 ceremonias
1999 981 2156 1065 divinitus

144 1067 280 1133 tentiam
296 1077 446 1130 nostram
469 1066 512 1129 de
534 1061 621 1128 Deo.
645 1061 1124 1141 ldeodimicatlliachabaeus,
1175 1063 1333 1142 traditas,
1369 1060 1413 1128 ali
1435 1073 1469 1127 et
1490 1059 1676 1139 coherceri,
1708 1081 1751 1127 ne
1772 1060 1964 1147 polluantur
1984 1069 2156 1148 caedibus,

144 1162 181 1217 nt
211 1161 349 1215 testetur
381 1171 419 1216 se
448 1171 467 1214 a
490 1151 636 1233 probare
657 1150 840 1214 doctrinam
868 1148 910 1212 de
933 1148 1008 1214 lleo
1025 1148 1124 1214 tradi·
1174 1146 1378 1228 lrbrdrnrbus,
1397 1144 1507 1226 furtis,
1528 1146 1720 1211 mendaciis.
1775 1147 1872 1214 Hanc
1893 1169 1971 1216 esse
1993 1171 2156 1219 summam

145 1249 211 1302 tam
229 1234 354 1319 populo
377 1172 492 1301 lsrael.
548 1234 627 1300 ldco
650 1232 775 1300 Paulus
798 1231 925 1320 perfert
946 1253 1124 1300 aerumnas
1176 1230 1278 1298 officii
1294 1245 1467 1383 parentum
1482 1243 1515 1298 et
1536 1233 1789 1319 magistratuum
1809 1231 1908 1301 facile
1928 1247 2042 1321 potest
2061 1235 2155 1304 intel-

145 1333 178 1388 et
200 1343 242 1386 sn
264 1321 411 1404 plicinm‚
428 1334 465 1389 ιιι
486 1332 624 1386 testetur
647 1341 686 1386 se
708 1323 895 1404 approbare
906 1312 1125 1408 Evangelium
1174 1316 1243 1406 ligi.
1314 1331 1413 1405 taque
1435 1339 1511 1384 cum
1531 1315 1585 1382 lex
1607 1319 1683 1403 ipsa
1705 1330 1798 1384 esset
1819 1341 1885 1385 vox
1908 1323 2156 1407 gubernatoris,
2235 1346 2240 1369 ¹

144 1342 390 1474 derthona.
456 1408 515 1472 Sic
537 1408 670 1472 omnino
692 1418 810 1471 nostra
827 1403 938 1472 officia
959 1408 993 1471 in
1016 1407 1124 1471 socia·
1174 1401 1326 1472 nonfuit
1348 1424 1432 1490 opus
1455 1405 1591 1483 addere,
1612 1402 1692 1489 qnid
1713 1406 1756 1470 sit
1777 1402 1965 1472 iaciendum
1980 1411 2155 1496 magistra·

24 1503 36 1517 ‘
145 1485 213 1559 tate
235 1490 324 1560 civili
346 1494 413 1559 sint
435 1495 562 1559 directa
583 1494 627 1557 ad
644 1490 901 1557 confessionem.
926 1493 1124 1570 Ostendant,
1174 1491 1232 1557 tui.
1275 1490 1328 1555 Ac
1349 1510 1483 1574 semper
1504 1491 1647 1554 tenenda
1668 1500 1720 1554 est
1740 1487 1827 1556 haec
1848 1494 2070 1561 eruditissima
2098 1495 2154 1563 da·

145 1579 224 1666 qnid
243 1580 391 1644 sentiant
411 1578 585 1664 Principes
613 1580 647 1642 in
679 1577 891 1661 imperando,
925 1579 1070 1644 Senator
1091 1579 1124 1642 in
1175 1577 1295 1657 finitio,
1329 1596 1416 1661 quae
1449 1586 1539 1640 extat
1561 1575 1651 1660 apud
1672 1574 1902 1643 Aristotelemt
1936 1576 2155 1667 Magistratus

145 1666 256 1731 dando
278 1663 432 1744 consilio,
464 1662 612 1749 Populus
633 1664 667 1728 in
689 1665 967 1748 obtemperando,
1000 1661 1125 1753 singuli
1175 1675 1228 1729 est
1248 1673 1364 1728 custos
1386 1659 1484 1748 legis.
1528 1664 1575 1725 lta
1597 1663 1736 1726 dicimus
1757 1674 1915 1746 parentes
1938 1682 2016 1730 essa
2044 1678 2155 1732 custo-

143 1752 178 1814 in
190 1751 428 1816 contrahendo.
473 1749 588 1815 Voluit
605 1748 701 1814 Deus
718 1746 1008 1832 multiplicesessa
1021 1751 1124 1815 actio·
1174 1751 1235 1815 des
1268 1744 1355 1835 legis
1386 1748 1421 1812 in
1454 1748 1670 1812 oeconomica
1709 1747 1901 1831 disciplina,
1939 1753 2155 1837 magistratus

144 1857 207 1901 nas
222 1832 334 1915 vitae,
367 1849 403 1901 ut
433 1848 548 1900 essent
569 1837 768 1900 occasiones
790 1837 967 1900 exercendi
996 1837 1122 1900 timoris
1174 1832 1296 1920 publici
1319 1846 1397 1898 sunt
1413 1832 1572 1897 custodes
1604 1829 1691 1918 legis
1720 1833 1753 1897 in
1776 1832 1909 1917 publica
1931 1836 2074 1902 civitatis
2096 1860 2155 1924 gu·

144 1920 221 2000 Ilei,
254 1922 333 1987 fidei
365 1933 399 1987 et
430 1919 664 1986 confessionis.
730 1920 822 1986 llaec
844 1933 897 1987 cst
919 1941 1022 1986 causa
1043 1939 1124 1984 vera
1176 1921 1382 1998 hernatione‚
1427 1939 1504 1982 uam
1524 1919 1609 1982 tueri
1632 1929 1764 2002 oportet
1775 1917 1948 2005 suppliciis
1965 1942 2154 2007 corporum.

143 2007 316 2074 varietatis
339 2008 507 2072 actionum
527 2005 761 2085 humanarum,
784 2027 871 2092 quae
888 2008 1019 2092 quidem
1042 2004 1124 2069 fiunt
1174 2007 1247 2070 Etsi
1268 2016 1379 2069 autem
1400 1941 1596 2090 hecdogus
1620 2005 1740 2069 breves
1762 2002 1863 2071 habet
1884 2010 2079 2088 sententias,
2106 2021 2156 2075 ta·
2181 2047 2186 2065 ι

127 2091 258 2160 ..cultus
280 2091 356 2171 Dei,
379 2095 408 2157 si
430 2105 508 2156 sunt
531 2093 684 2156 divinitus
706 2112 829 2175 pracce
852 2104 917 2171 tae,
940 2114 981 2156 ac
1004 2111 1124 2176 regun-
1174 2112 1249 2156 men
1268 2091 1439 2154 sciendum
1462 2100 1532 2165 est,
1554 2091 1721 2174 ingentem
1752 2088 1873 2157 molem
1890 2094 2101 2180 negotiorum
2122 2106 2158 2161 et

144 2190 199 2244 tur
221 2179 326 2243 verbo
348 2177 431 2255 Dei,
464 2189 497 2241 ct
519 2178 682 2241 accedunt
711 2178 808 2241 timor
864 2178 910 2254 ei,
944 2188 977 2242 et
998 2177 1124 2262 agnitio
1175 2197 1313 2260 operum
1335 2174 1581 2258 comprehendi.
1604 2174 1730 2240 Paulus
1753 2177 1852 2242 etiam
1874 2179 2023 2244 breviter
2045 2177 2157 2246 officia

144 2261 217 2328 Filii
239 2262 304 2328 Dei
325 2283 367 2327 ac
389 2262 486 2341 tides,
509 2274 541 2327 et
562 2259 751 2326 referuntur
773 2263 815 2326 ad
833 2261 974 2347 gloriam
990 2261 1066 2340 Dei,
1088 2271 1125 2326 ut
1175 2272 1348 2346 parentum
1370 2257 1566 2343 complexus
1589 2273 1659 2339 est,
1693 2263 1861 2345 inquiens:
1894 2262 2045 2330 Educate
2067 2265 2156 2332 tilios

144 2349 268 2414 (lictum
300 2360 364 2413 est.
425 2346 582 2412 Monachi
614 2348 802 2432 vituperant
834 2345 946 2413 officia
978 2344 1124 2430 politica,
1175 2348 1207 2411 in
1227 2347 1378 2411 doctrina
1400 2358 1434 2409 et
1456 2345 1673 2431 castigatione
1695 2340 1840 2412 Domini.
1889 2348 1968 2415 Tria
1992 2350 2157 2418 beneficia

145 2437 262 2520 eisque
284 2436 499 2499 detraxerunt
510 2431 779 2498 honestissimum
800 2432 929 2498 titulum
952 2454 993 2498 ac
1011 2453 1125 2497 veram
1177 2433 1357 2516 coniungit,
1377 2443 1413 2496 ut
1434 2428 1537 2508 alant,
1558 2441 1594 2496 nt
1616 2432 1779 2509 erudiant,
1801 2446 1837 2498 ut
1859 2437 2041 2522 castigent,
2063 2438 2179 2505 iuxta‘

144 2518 289 2598 landem,
311 2515 464 2585 videlicet
485 2516 595 2586 cultus
617 2517 690 2583 Dei.
755 2517 798 2584 Et
823 2517 890 2583 hoc
911 2519 1125 2602 praeconium
1177 2519 1362 2586 doctrinam
1384 2514 1575 2582 coelestem.

65 2602 71 2613 “
144 2611 383 2673 manstnterunt
403 2605 447 2670 ad
468 2605 686 2683 ceremonias,
709 2615 765 2670 aut
787 2608 990 2672 monasticas
1008 2625 1124 2690 super·

146 2693 308 2757 stitiones.
353 2690 450 2757 llunc
478 2712 625 2765 errorem
656 2710 760 2775 saepe
776 2688 1022 2775 reprehendunt
1043 2692 1124 2757 Pro·
1263 2688 1317 2756 De
1338 2710 1420 2756 cura
1436 2687 1547 2755 alendi
1570 2690 1669 2754 etiam
1691 2689 1898 2775 praecipiunt
1923 2690 2089 2759 humanae
2110 2693 2156 2760 lc·
2234 2736 2253 2779 ¹.

144 2775 277 2863 phetae,
299 2788 338 2843 ut
359 2776 489 2842 0seas=
511 2776 774 2842 Misericordiam
796 2776 887 2857 volo,
909 2798 977 2844 non
999 2776 1126 2844 sacrifi·
1176 2795 1257 2865 ges,
1286 2788 1320 2845 et
1345 2777 1483 2861 puniunt
1511 2770 1737 2841 crudelitatem
1759 2787 1952 2860 parentum,
1980 2779 2037 2864 qui
2064 2776 2158 2845 velut

146 2863 245 2928 cium.
288 2863 370 2928 ltem
390 2861 525 2927 Esaias:
549 2863 693 2928 iudicate
714 2863 834 2928 viduae
856 2875 921 2929 etc.
955 2865 1024 2929 Sed
1046 2884 1125 2929 con·
1177 2865 1270 2930 corvi
1299 2862 1457 2928 deserunt
1488 2881 1612 2946 parvos
1639 2871 1756 2939 natos,
1791 2880 1917 2948 eosque
1952 2883 2020 2929 non
2051 2861 2157 2932 alunt.
2234 2899 2239 2915 ι

144 2948 226 3012 ιειιιί
249 2948 351 3013 εἰιιιιιε
374 2947 497 3013 Christi
517 2948 722 3027 testimonio,
744 2949 801 3033 qui
821 2947 1007 3015 honorifica
1028 2960 1125 3015 ornat
1177 2949 1247 3014 Sed
1268 2950 1345 3034 quia
1364 2948 1516 3012 homines
1529 2958 1725 3031 nascuntur,
1747 2961 1784 3013 ut
1800 2948 1918 3013 notitia
1937 2946 2064 3015 cheo
2080 2972 2157 3037 pro·

146 3034 330 3098 secundam
353 3031 510 3112 tabulam,
533 3036 566 3097 in
591 3035 685 3097 niens
707 3032 891 3101 Masta-2.
936 3037 1126 3102 Secundum
1176 3046 1318 3122 pagetur
1339 3044 1373 3099 et
1395 3031 1600 3113 celebretur,
1630 3033 1706 3098 ideo
1728 3035 1901 3099 nonsatis
1925 3046 1977 3100 est
2005 3048 2159 3103 natorum
2255 3046 2258 3051 '

146 3127 255 3183 autem
288 3116 436 3182 SlhllLE
480 3055 598 3197 ΗΠΙό,
630 3118 742 3205 Dilige
797 3123 958 3189 roximum
984 3123 1126 3188 sicutte
1177 3140 1323 3206 corpora
1349 3115 1484 3198 fovere,
1515 3121 1577 3184 sed
1608 3120 1705 3212 etiam
1731 3119 1886 3185 addenda
1913 3130 1972 3186 εειΙ
1994 3123 2159 3203 doctrina,

144 3203 265 3268 l'surn.
310 3200 565 3270 Consideranda
586 3216 638 3269 est
659 3208 746 3270 enim
767 3142 944 3289 Emphasis
965 3209 999 3272 in
1021 3208 1126 3273 verbo
1200 3209 1354 3292 raecipue
1376 3206 1496 3271 tradita
1525 3225 1547 3269 a
1575 3204 1667 3284 Deo,
1696 3205 1784 3271 sicut
1811 3203 1865 3268 hic
1892 3208 1997 3292 inquit
2019 3205 2157 3273 Paulus.

146 3224 272 3354 ξίιιιίΙε.
327 3287 424 3354 llaud
442 3290 541 3355 dubie
562 3291 698 3354 taxabat
720 3292 905 3374 opinionem
927 3292 1125 3380 ilypocrita·
1176 3228 1220 3359 ht
1241 3291 1320 3357 alibi
1337 3294 1383 3357 ait
1405 3292 1585 3377 scriptura:
1609 3290 1751 3357 Narrate
1773 3313 1814 3356 ea
1834 3289 1911 3357 filiis
1933 3295 2067 3358 vestris.
2091 3291 2157 3360 Cu·

144 3396 230 3453 rum,
252 3374 308 3459 qui
330 3394 370 3439 sa
387 3374 570 3443 efferebant
580 3387 716 3460 propter
727 3379 944 3458 ceremonias,
967 3392 1001 3445 et
1016 3378 1125 3444 levius
1177 3391 1252 3444 rent
1273 3388 1428 3464 parentes
1450 3378 1536 3442 tradi
1558 3373 1671 3441 liberis
1685 3378 1861 3460 praecipue
1885 3378 2069 3444 doctrinam
2081 3400 2158 3444 coe·

146 3461 336 3526 sentiebant
367 3461 410 3525 de
444 3458 597 3526 civilibus
630 3458 769 3542 officiis,
803 3462 912 3547 qualis
933 3465 1126 3553 arrogantia
1176 3463 1295 3529 lestem
1317 3463 1359 3528 de
1379 3462 1466 3542 Dec,
1488 3465 1531 3529 de
1554 3460 1631 3547 lege
1652 3460 1727 3540 Dei,
1749 3463 1791 3527 de
1813 3461 1999 3549 Evangelio
2028 3485 2071 3529 ac
2100 3466 2158 3530 be·

145 3546 616 3631 huncquoqueinllionachis
639 3560 702 3627 est,
725 3550 1125 3637 etcaeteris,quimagno
1176 3550 1305 3617 neficiis
1327 3551 1459 3615 donatis
1476 3550 1590 3634 generi
1611 3547 1756 3612 humano
1779 3561 1917 3632 propter
1938 3547 2055 3616 Filium
2079 3548 2157 3630 Dei,

146 3632 252 3716 pretio
264 3622 389 3696 Missas
410 3632 568 3698 vendunt.
597 3632 644 3698 At
666 3631 820 3700 Christus
841 3648 1002 3701 monstrat
1024 3656 1125 3702 veros
1177 3637 1287 3703 lesum
1309 3634 1489 3712 Christum,
1512 3639 1722 3700 servatorem
1752 3646 1917 3713 nostrum,
1947 3634 1989 3699 de
2017 3648 2159 3702 venturo

147 3713 267 3781 cultus.
312 3716 436 3783 Omnes
458 3715 648 3785 fatebantur
657 3722 796 3804 primum
811 3734 1024 3808 pracceptum
1047 3743 1125 3788 con-
1176 3717 1311 3801 iudicio,
1333 3722 1374 3785 dc
1396 3722 1464 3784 vita
1486 3733 1633 3785 aeterna.
1677 3715 1810 3783 Deinde
1837 3721 1934 3784 etiam
1957 3718 2159 3796 tradautali·

148 3802 274 3864 cionari
296 3803 337 3866 de
361 3802 506 3869 cultibus
528 3803 605 3881 Dei,
626 3805 689 3870 Hic
708 3807 799 3871 addit
820 3805 994 3887 Christus,
1017 3806 1125 3873 simile
1177 3830 1276 3894 quam
1296 3819 1401 3871 artem
1423 3807 1510 3870 vitae
1528 3802 1652 3882 utilem,
1669 3801 1783 3870 literas
1805 3818 1863 3871 aut
1880 3802 1987 3873 aliam.

147 3904 225 3950 esse
245 3898 460 3971 praeceptmn
483 3891 525 3953 dc
547 3888 725 3955 dilectione
745 3895 896 3976 proximi.
926 3893 1019 3982 Ergo
1030 3894 1124 3959 Deus

145 3992 214 4036 non
236 3971 345 4036 minus
368 3970 440 4037 vult
463 3972 528 4039 coli
553 3972 673 4039 ciliciis
695 3978 864 4043 secundae
881 3979 1015 4046 tabulae
1026 4001 1126 4066 quam
1262 3977 1358 4043 Sicut
1377 3978 1412 4043 in
1433 3973 1500 4042 alio
1518 3973 1595 4041 loco
1615 3968 1769 4040 hortatur
1790 3972 1936 4055 Paulus,
1963 3987 2001 4042 ut
2033 3978 2076 4063 pii
2109 3978 2159 4044 di·

146 4056 282 4141 primae.
311 4055 405 4121 llaec
427 4079 493 4123 vox
516 4055 638 4124 Christi
660 4063 825 4127 exuscitet
845 4085 922 4143 nos,
942 4077 980 4130 ut
1001 4066 1126 4130 maiore
1176 4075 1273 4128 scant
1294 4074 1384 4128 artes
1405 4061 1579 4140 honestas,
1600 4073 1637 4126 ut
1657 4062 1767 4145 possit
1793 4081 1908 4147 corma
1930 4081 2008 4126 esse
2030 4065 2160 4131 ususin

146 4141 257 4207 studio
278 4143 363 4207 haec
385 4141 495 4208 civilia
516 4141 627 4209 officia
649 4159 877 4228 praestemus,
910 4152 989 4234 quia
1009 4153 1124 4237 inquit.
1201 4148 1417 4215 ubematione
1438 4145 1656 4233 Reipublicae
1685 4158 1719 4212 et
1736 4146 1810 4211 aliis
1832 4146 1982 4212 honestis
2012 4152 2159 4236 negotiis

147 4226 228 4319 llocl
254 4230 443 4294 mandatnm
476 4226 581 4294 simile
614 4243 666 4295 est
698 4229 812 4312 alteri,
852 4235 951 4298 docet
982 4235 1124 4322 flagitari
1175 4171 1274 4301 huius
1297 4237 1479 4300 communis
1502 4235 1590 4299 vitae
1612 4231 1774 4298 ad'l'itum
1791 4231 1921 4299 ultimo:
1944 4236 2157 4301 Μανθανέτω-

26 4330 29 4335 ·
147 4309 232 4378 haec
256 4313 380 4394 officia,
402 4327 434 4380 et
456 4313 590 4400 placere
611 4314 685 4381 Deo
707 4337 776 4382 non
796 4320 916 4398 minus,
951 4342 1049 4406 quam
1071 4344 1123 4401 ea,
1177 4344 1233 4387 σαν
1249 4320 1281 4385 δὲ
1305 4327 1356 4384 nat
1375 4324 1404 4383 ot
1426 4319 1563 4407 ἡμέτεροι
1578 4321 1678 4383 καλεῖν
1695 4323 1788 4426 ἐξγων
1808 4325 2018 4406 προΐστασθαι
2040 4325 2085 4397 εἰς
2105 4322 2160 4398 τὰς

148 4416 234 4481 quae
256 4401 354 4464 docet
378 4403 482 4485 prima
504 4400 625 4466 tabula.
677 4402 747 4467 Sed
772 4402 891 4472 intueri
913 4406 1053 4477 debent.
1083 4430 1124 4474 ac
1177 4406 1338 4489 ἀναγκαίας
1354 4432 1375 4489 χ
1393 4414 1472 4486 elac,
1494 4406 1543 4469 ἵνα
1558 4404 1600 4486 μή
1619 4396 1695 4469 εἶσιν
1711 4430 1851 4491 ακαρποι.
1898 4404 2040 4473 Discant
2052 4409 2158 4475 nostrl

147 4482 265 4548 referri
286 4487 331 4550 ad
354 4488 425 4552 eim
448 4485 601 4574 gloriam,
623 4498 660 4552 ut
682 4488 890 4556 dictumest.
1177 4493 1371 4559 honestiso
1412 4493 1472 4557 ciis
1506 4511 1666 4576 praeesse
1683 4493 1727 4556 ad
1748 4494 1971 4557 necessarios
1986 4514 2080 4573 usus,
2113 4513 2158 4559 ne

1177 4580 1244 4644 sint
1265 4575 1419 4652 inutiles,
1440 4577 1473 4641 id
1496 4588 1563 4650 est,
1587 4578 1719 4643 discant
1740 4575 1872 4656 literas,
1904 4575 2076 4664 religionis
2098 4580 2160 4644 do·

1178 4665 1335 4742 cuinam,
1367 4665 1457 4742 iura,
1490 4665 1698 4743 medicinam,
1730 4676 1787 4729 aut
1816 4661 1900 4727 alias
1931 4677 2024 4730 artes
2058 4662 2158 4732 laude

148 4740 265 4844 Quae
316 4766 411 4831 sunt
445 4762 678 4861 parentum,
722 4753 1030 4862 magistratuum
1083 4771 1126 4840 et
1178 4752 1315 4854 dignas,
1344 4761 1525 4814 exerceant
1551 4770 1589 4814 se
1619 4750 1652 4814 in
1674 4746 1805 4828 militia,
1834 4761 1870 4814 ut
1892 4751 2019 4816 servire
2039 4748 2158 4817 Eccle—

281 4865 450 4950 afi⁰fflm
484 4870 803 4980 gnbemawfflffl
835 4873 994 4956 ⁰ffi0iss?
1176 4833 1900 5005 ghhsthhoffehhuhhhzhelhssshhuslfoh
1920 4834 2159 4990 hhhh-ihhl'tlhurh

371 5060 373 5065 .
697 5032 703 5041 ·
1177 5017 1285 5070 terrae
1308 5027 1428 5085 onera,
1460 5017 1496 5070 ut
1519 5003 1676 5071 Monachi
1704 5005 1784 5070 olim
1813 5026 1875 5070 suo
1905 5009 1974 5073 otio
2003 5006 2158 5075 consule·

232 5075 354 5147 Mirum
375 5082 478 5149 videri
499 5095 627 5168 potest,
655 5106 714 5153 cur
736 5088 926 5155 nominatim
952 5106 1124 5176 expresso·
1177 5093 1257 5158 bant
1272 5105 1313 5159 et
1345 5112 1429 5161 suae
1446 5088 1688 5178 uunqnillitatt,
1716 5092 1778 5156 sed
1799 5089 1871 5158 vult
1897 5113 1961 5159 nos
1983 5095 2158 5182 suscipere
